2430 3856
124 156 187 220 196
553 155 710 208 SOHOLIA

122 319 186 384 ἀπὸ
210 326 271 384 τοῦ
286 315 404 382 ’Ἅιδου
428 312 508 382 οὐδὲ
532 316 677 381 δυνατὸν
700 314 845 401 <ταγέως
868 312 1020 399 ἐξιέναι>.
1062 312 1142 378 ἀπο-

122 431 269 509 λογεῖται
293 420 330 490 δὲ
353 423 398 500 ὡς
420 423 599 509 βραδύνας.

121 600 175 640 om.
191 583 221 638 P.
241 613 274 624 -
295 588 310 637 '1
330 580 387 636 ἀπὸ
407 597 461 636 om.
474 578 511 650 H,
530 579 586 635 ἀπὸ
605 587 655 635 τοῦ
674 578 767 650 τύφου
786 579 936 649 vulgoDd.
952 610 985 620 -
1004 577 1031 631 A
1049 577 1142 633 verbis

122 652 190 710 οὐδὲ
213 653 338 709 δυνατὸν
362 650 459 706 finitur
482 651 570 707 schol.
590 650 676 720 vulgo
700 653 730 707 ολ
753 667 797 721 ap.
817 651 871 705 Dd.
907 649 1065 718 Utrobique
1088 648 1141 703 hoc

122 727 202 782 extat
220 725 277 779 sch.
296 725 431 794 separata
455 723 507 778 οάιι
530 720 675 794 εὐέξοδον]
698 722 769 778 ἀλλὰ
787 720 940 788 δυσέξοδον
963 720 1052 792 ἤγουν
1071 719 1141 776 ὅθεν

122 797 156 852 οὐ
175 795 299 852 δυνατὸν
317 792 424 864 ταχέως
447 789 562 861 ἐξιέναι.
599 794 780 864 ἀπολογεῖται
798 791 830 848 δὲ
849 794 886 857 ὡς
905 793 1062 866 βραδύνας,
1085 790 1141 846 nisi

121 869 197 938 quod
215 868 304 922 verba
322 865 393 920 ἀλλὰ
411 864 503 931 δυσέξ.
522 863 611 936 ἤγουν
629 865 716 936 vulgo
736 865 845 922 desunt.

189 1049 252 1114 691
266 1069 314 1134 sq.
350 1048 459 1124 ἄλλως
480 1069 516 1112 τε
545 1047 689 1124 πύντωςε
719 1044 776 1112 καὶ
805 1047 912 1123 ἀλλοις
942 1043 994 1129 δέ,
1023 1047 1139 1130 φησίν,

123 1156 159 1221 ολ
175 1154 329 1220 κάτωθεν
346 1163 405 1239 τῆς
423 1162 483 1238 γῆς
501 1156 588 1237 θεοί,
608 1145 682 1218 οἷον
697 1151 715 1218 ὁ
730 1154 895 1218 Πλούτων
909 1149 965 1218 καὶ
982 1151 1003 1236 ἡ
1018 1157 1140 1239 Περσε-

122 1265 224 1346 φόνη,
250 1261 285 1327 ολ
300 1271 368 1327 τῶν
386 1272 516 1347 νεκρῶν
536 1259 646 1337 ἁπλῶς
664 1260 887 1346 κυριεύοντες,
910 1259 1069 1344 ἀμείνους
1086 1257 1141 1324 καλ

123 1371 291 1454 βελτιόνες
322 1366 377 1433 καὶ
410 1366 617 1454 ἑτοιμότεροί
645 1369 731 1434 εἰσιν
763 1369 811 1444 εἰς
841 1369 879 1433 τὸ
911 1370 1029 1450 λαβεῖν
1060 1363 1136 1450 παρ’

94 1492 109 1534 ε
123 1473 253 1552 ἑαυτοῖς
266 1477 346 1552 τοὺς
364 1474 567 1558 ἀνθρώπους
584 1471 639 1540 καλ
657 1475 806 1559 κατέχειν
826 1472 863 1539 ἐν
880 1482 925 1563 τῷ
937 1471 1035 1560 ’Ἅιδῃ
1055 1475 1141 1559 παρὸ

122 1581 277 1667 μεθιέναι
307 1579 364 1647 καλ
396 1585 591 1660 ααταλεῖύαι
620 1579 675 1647 καὶ
706 1579 800 1646 ἐᾶσαι
830 1581 953 1659 αύτούς
983 1580 1142 1647 ἀνελθεῖν

121 1691 170 1767 εἰς
192 1689 254 1773 τὴν
276 1697 341 1773 γῆν
363 1688 507 1753 ἀνωθεν.

196 1854 259 1902 1τε
278 1846 422 1902 om.H-
443 1843 491 1900 καλ
510 1845 540 1899 et
557 1843 589 1900 δὲ
609 1845 855 1915 ωειλ-φησὶν
874 1845 1140 1900 οεοΗ-θιιάτω

121 1919 148 1972 Η
168 1950 201 1959 -
220 1917 309 1988 ἤγουν
326 1933 378 1986 pro
398 1914 460 1972 οἷον
478 1916 504 1969 Η
522 1947 557 1957 -
577 1923 593 1972 3
613 1914 643 1972 ολ
663 1915 765 1986 scripsi
787 1933 838 1986 pro
861 1915 911 1971 ιιαλ
933 1915 964 1972 οἱ
980 1947 1012 1957 -
1032 1922 1051 1971 4
1069 1912 1142 1972 ἀνευ

121 1987 234 2060 μότεροι
252 1989 278 2042 Η
307 2019 340 2028 -
369 1987 501 2050 θαύτοῖς
517 1987 570 2042 Dd.
600 2020 633 2028 -
661 1987 711 2042 ιιαλ
734 1987 863 2059 κατέχειν
887 1984 918 2042 ἐν
936 1984 1010 2042 rsit.
1031 2000 1086 2042 om.
1105 1987 1139 2057 H,

120 2058 357 2184 ἰαρὲγεμνᾶτῷθν
372 2089 405 2098 -
425 2065 441 2112 6
460 2056 594 2184 μεθιέναι
612 2058 661 2114 ααλ
680 2075 734 2115 om.
749 2059 775 2114 H
790 2091 822 2100 -
837 2074 888 2130 pro
907 2053 1002 2114 ἐᾶσαιι
1021 2059 1142 2129 ἀφεῖναι

166 2160 200 2170 -·
276 2149 314 2185 να
340 2148 371 2184 εν
390 2144 444 2182 om.

186 2311 252 2378 693
290 2310 379 2394 ὅμως
408 2303 439 2374 δ’
467 2308 619 2388 ἑκείνοιςε
646 2311 720 2395 ἤτοι
747 2310 831 2396 με’γα
857 2310 948 2395 κάγὼ
977 2308 1139 2397 δυνηθεὶς

118 2418 155 2484 ἐν
178 2429 248 2495 τοῖς
271 2417 359 2483 κάτω
389 2423 499 2502 θεοῖς,
528 2408 583 2482 οἷα
609 2419 781 2503 βασιλεύς,
807 2416 863 2484 καὶ
890 2416 968 2505 παρ’
999 2417 1138 2485 ἐκείνων

118 2526 302 2611 τιμώμενος
320 2521 376 2590 καὶ
391 2525 435 2609 μὴ
449 2526 658 2610 λογιζόμενος
672 2524 716 2603 ὡς
731 2524 766 2590 ολ
781 2523 893 2591 λοιποὶ
911 2535 979 2591 τῶν
992 2527 1136 2592 τεθνεώ-

117 2655 185 2697 των
211 2633 290 2716 ἥκοι.

191 2769 330 2825 llemma
347 2771 426 2824 extat
443 2768 474 2824 in
492 2769 549 2825 VH
567 2802 603 2812 -
621 2765 675 2842 ἐγὼ
694 2770 747 2828 Dd.
771 2803 805 2813 -
828 2777 844 2826 2
865 2767 896 2828 λυ
915 2789 969 2829 om.
985 2771 1054 2842 VH,
1084 2789 1136 2842 pro

118 2837 163 2897 ἕνα
186 2840 266 2911 παρὰ
283 2841 369 2911 vulgo
385 2872 431 2882 ⁴—
461 2837 581 2906 ἐκείνοις
598 2843 625 2898 V
650 2873 684 2884 ·-
712 2842 796 2898 3ιιαλ
819 2842 857 2915 μὴ
880 2842 1056 2916 λογιζόμενος
1079 2861 1135 2902 om.

117 2914 144 2969 V
163 2944 195 2954 -
215 2913 253 2976 ὡς
271 2909 301 2968 ολ
316 2921 418 2977 κοινῶς
436 2912 669 2982 ἀποθνήσκοντες
685 2914 808 2984 vulgofl

185 3095 251 3160 694
287 3093 430 3179 ἐτύχυνα
454 3092 507 3180 δέ,
530 3093 575 3172 ἀς
601 3095 645 3180 μὴ
669 3100 814 3180 μεμφθῶ
842 3104 903 3161 τοῦ
929 3098 1055 3183 χρόνου
1078 3094 1135 3164 καλ

116 3211 174 3287 τῆς
196 3203 403 3289 βραδυτῆτος
425 3201 530 3268 ἕνεκα.
567 3202 667 3288 vulgo
677 3201 779 3269 Dd.V.

190 3367 204 3415 1
224 3360 261 3424 ὡς
275 3350 329 3417 dm.
340 3360 410 3415 V-
424 3329 526 3431 mg&
544 3360 570 3412 V
594 3391 627 3402 -
651 3367 667 3416 2
686 3369 735 3432 τῆς
752 3368 905 3433 ταχυτῆτος
928 3360 1026 3419 ἕνεκεν
1046 3362 1080 3419 V.
1098 3394 1136 3406 -

116 3430 193 3488 Haec
208 3432 281 3486 inP:
299 3430 389 3504 ἤγουν
407 3428 513 3504 ταχέας
531 3429 592 3502 λέγε
612 3431 649 3496 ὡς
666 3432 704 3504 μὴ
718 3437 842 3505 μεμφθῶ
856 3431 942 3490 ἕνεκα
956 3442 1005 3490 τοῦ
1019 3431 1133 3506 χρόνον.
