2430 3856
113 157 156 221 98
545 159 701 212 SOHOLIA

112 343 210 405 ιητος
238 325 339 385 αἴτιαι
367 321 521 405 πάρεισιν
549 322 596 410 ςίς
618 322 753 406 μνημην
776 321 814 386 αι’
837 317 992 404 Ἀθῆναι,
1018 321 1036 385 ὅ
1061 319 1134 386 ἐστι

86 439 179 493 σιῶν
199 421 353 510 Ἀθηνῶν
375 426 396 510 η
419 431 531 512 μνήμη
556 429 721 511 στυγνοὺς
743 426 829 512 ἡμᾶς
851 437 948 493 ποιεῖ.
999 429 1070 492 ἔστι
1095 424 1133 493 δὲ

111 536 149 599 τὸ
172 536 336 621 πρότερον
358 532 511 621 κάλλιον,
887 616 916 661 Ἴ

872 631 908 661 M
917 631 930 660 ‘V

112 680 129 728 4
148 675 240 729 αἴτιαί
255 671 326 728 εἰσιν
346 669 379 727 αἱ
390 672 423 741 V,
443 675 529 728 αἴτιοι
548 671 619 728 εἰσὶν
639 669 672 727 αἱ
687 673 722 740 H,
742 673 831 727 αἴτιαι
851 669 981 743 ἐγένοντο
1001 669 1034 727 αἱ
1052 672 1075 727 Ο
1096 705 1131 714 -

113 753 128 800 6
146 746 178 800 τὸ
197 753 309 815 πρῶτον
327 744 385 797 VH
405 775 438 785 -
458 741 601 817 βέλτιστον
622 743 646 796 V

180 962 243 1027 291
292 961 337 1037 ὡς
363 961 487 1037 πολλὰς
520 961 712 1046 Περσίὸανι
744 960 796 1025 ὅτι
827 961 967 1043 πολλάς,
1001 961 1130 1045 δηλαδὴ

112 1069 225 1143 πόλεις
251 1067 272 1152 ἣ
300 1066 441 1154 μητέρας
468 1066 488 1151 ἢ
516 1076 692 1151 γυναῖκας,
721 1069 855 1132 ἔκτισαν
882 1064 938 1132 καὶ
968 1067 1131 1151 ἐποίησαν

114 1174 249 1251 εὔνιδας
270 1172 326 1241 καὶ
345 1172 564 1260 ἐστερημένας
581 1172 636 1239 καὶ
655 1173 856 1260 ἀνάνδρους,
878 1175 952 1257 ἤτοι
970 1175 1014 1258 μη
1035 1173 1129 1259 ἐχού-

114 1298 174 1358 σας
197 1282 330 1367 ἄνδρας.
376 1281 586 1347 Pauw.Dd.V
594 1281 635 1348 H.

185 1444 199 1490 1
220 1440 324 1492 lemma
347 1437 422 1507 quod
447 1437 646 1559 35{21r{d2{?didi
669 1437 756 1492 etiam
774 1437 804 1492 in
823 1437 850 1491 V
869 1437 1058 1509 cognoscitur,
1082 1439 1133 1494 ubi

113 1561 154 1616 sic
174 1563 260 1618 schol.
279 1562 392 1632 incipit:
420 1561 516 1627 πόλεις
534 1559 550 1631 ἢ
570 1543 642 1634 μ’ρας
668 1593 704 1602 -
731 1570 747 1616 2
766 1560 903 1633 ἡμετέρας
921 1562 1075 1620 Pauw.Dd.
1099 1597 1132 1605 -

114 1642 129 1687 3
149 1634 201 1688 οὐκ
219 1651 270 1704 pro
289 1633 326 1705 μὴ
345 1634 439 1689 Pauw.

181 1780 256 1860 [291
304 1779 470 1865 ὀρφανάς,
498 1778 716 1864 ἐσιερημένας
744 1789 812 1844 τῶν
835 1779 970 1865 ἀνδρῶν
991 1777 1047 1845 καὶ
1072 1780 1132 1846 ἀν-

113 1885 259 1972 άνδρους
281 1888 355 1970 ηιοι
378 1887 440 1952 οὐκ
462 1886 602 1971 ἐχούσας
625 1887 758 1972 ἄνδρας.
795 1885 1085 1975 vulgoOP(Dd.).]

187 2015 200 2060 1
220 2007 349 2076 ὀρφανὰς
369 2004 464 2062 01'n.P
486 2041 514 2050 -
535 2016 590 2064 τῶν
609 2009 722 2080 ἀνδρῶν
741 2009 826 2079 vulgo
846 2025 900 2066 om.

181 2152 244 2217 291
292 2155 447 2238 ματαίως,
469 2154 576 2237 ἤμουν
599 2150 703 2239 μηδὲν
727 2154 908 2238 βλαψάσας.
956 2154 993 2220 Ο.
