2430 3856
13 3716 31 3813 λ

192 1416 256 1479 227
303 1423 406 1479 ταῦτα
433 1417 659 1499 θυμόμαντιςε
693 1414 796 1479 εαῦεολ
823 1431 877 1480 σοι
904 1414 1077 1502 παρῄνεσα
1100 1416 1142 1481 οὐ

124 1520 225 1603 φύσει
252 1521 369 1606 μάντις
396 1520 455 1602 ὥν,
483 1515 554 1584 ἀλλ’
577 1520 641 1588 ἀπὸ
669 1526 831 1604 λογισμοῦ
857 1524 985 1605 κρίνων
1008 1520 1064 1587 καὶ
1088 1522 1141 1589 ἐν·

123 1630 310 1712 θνμήσεως.
354 1635 454 1692 τοῦτο
477 1629 540 1710 γὰρ
564 1629 664 1712 δηλοῖ
685 1630 723 1693 τὸ
746 1630 989 1713 θυμόμαντις.’

195 1783 329 1841 Scholion
347 1786 378 1839 in
395 1784 421 1839 V
440 1787 470 1839 et
487 1784 513 1838 H
531 1787 570 1839 sic
590 1802 654 1839 oum
672 1786 801 1840 anteced.
820 1784 1000 1841 coniunctum
1025 1789 1081 1841 est:
1107 1787 1140 1843 τὸ

123 1853 155 1911 δὲ
178 1866 267 1912 ταῦτα
290 1855 479 1928 θνμόμανειςε
506 1889 535 1896 -
565 1865 654 1912 ταῦτα
672 1855 849 1927 θυμόμαντις
868 1854 919 1929 ὢν]
943 1866 1042 1925 ταῦτα,
1061 1860 1140 1928 φησί,

122 1926 270 1999 παρῄνεσα
284 1928 337 1984 Dd.
353 1930 382 1982 et
401 1929 504 1983 omisso
524 1925 563 1983 ὢν
577 1929 664 1996 vulgo
683 1961 717 1969 -
736 1930 785 1982 καὶ
802 1929 885 1998 φύσει
901 1930 925 1983 Η
946 1960 979 1970 -
999 1936 1014 1983 2
1034 1930 1140 2000 κρίνων

124 2016 178 2054 om.
198 2000 224 2052 H
244 2032 275 2054 -.
296 2005 313 2052 3
332 1999 388 2054 ἀπὸ
408 1995 591 2069 ἐνθυμήσεως
609 2002 695 2068 vulgo

188 2909 252 2974 228
298 2910 335 2972 τὸ
359 2903 420 2992 μὲν
443 2913 604 2994 φανερόν·
629 2912 787 2994 κρίνομεν
810 2911 857 2985 εἰς
875 2910 980 2974 καλὸν
1000 2909 1040 2972 τὰ
1059 2907 1140 2993 ὁρα-

119 3013 224 3082 θέντα
257 3013 312 3080 σολ
341 3016 495 3094 ὀνείρατα
523 3016 774 3100 ἐκβιβασθῆναι.
820 3017 857 3081 τὸ
882 3013 917 3080 θ’
940 3017 1035 3080 ἄλλο·
1067 3019 1139 3099 αρί-

119 3147 224 3206 νομεν
255 3125 332 3188 τόδε
364 3125 467 3188 καλὸν
498 3121 673 3206 γενέσθαι·
710 3124 747 3188 τὸ
781 3129 887 3187 θῦσαι
922 3122 1140 3187 ἀπελθοῦσαν

120 3241 189 3306 τοῖς
211 3236 315 3312 θεοῖς,
339 3231 384 3307 ὡς
406 3228 609 3315 προέφημεν.
658 3231 822 3315 vulgoDd.

194 3432 206 3477 1
227 3421 279 3494 μὲν
298 3425 385 3494 vulgo
409 3440 463 3479 om.
484 3456 514 3464 -
535 3425 600 3494 post
619 3424 758 3494 φανερὸνε
783 3422 869 3486 οὕτως
891 3421 948 3493 ἔχει
970 3423 1010 3477 ὅτι
1030 3422 1083 3477 Dd.
1103 3454 1136 3463 —-

104 3499 128 3543 2
162 3494 195 3546 ol
205 3510 264 3562 pto
282 3494 329 3549 σσλ
352 3494 422 3551 Viot.
453 3527 488 3537 -
515 3502 530 3551 3
554 3495 586 3552 τὸ
606 3491 657 3552 ἐὰν
681 3496 846 3551 ἀπελθοῦσα
867 3494 959 3564 θύσῃς
979 3500 1038 3556 τοῖς
1055 3496 1138 3557 θεοῖς

90 3574 128 3609 711
133 3577 180 3626 80
200 3594 234 3603 -
255 3566 436 3624 ἀπελθοῦσα
452 3568 510 3625 Dd.
