2430 3856
575 191 732 244 SOHOLIA

208 1630 274 1695 423
320 1631 464 1714 ναυαγία
492 1628 574 1694 αὐτὸ
602 1631 640 1696 τὸ
667 1630 793 1714 πάθος,
820 1631 984 1713 ναυάγιον
1013 1627 1051 1695 δὲ
1077 1631 1156 1697 αὐτὸ

141 1740 178 1804 τὸ
216 1745 411 1822 ναυαγῆσαν
449 1737 584 1821 σκάφος.
634 1740 806 1822 ναυαγίων
839 1733 876 1802 δὲ
908 1736 1058 1803 ἐνταῦθα
1089 1749 1157 1802 τῶν

139 1846 333 1930 πτωμάτων.
379 1845 477 1930 vulgo
485 1845 545 1912 Dd.

208 2377 272 2441 427
321 2373 373 2441 τοί
397 2372 427 2440 δ’
450 2375 533 2441 ὥστε
556 2375 719 2452 θύννουςε
744 2369 837 2441 οὗτοι
861 2371 898 2440 δὲ
923 2373 972 2461 (οἱ
984 2374 1157 2462 Ἕλληνες)

142 2485 259 2548 ἔπαιον
282 2480 337 2549 καί
361 2485 501 2548 ἔκοπτον
526 2481 635 2566 ὥσπερ
658 2484 812 2560 θύννους
834 2483 855 2566 ἢ
879 2505 954 2547 τινα
977 2485 1080 2566 βόλον
1103 2480 1158 2548 καὶ

143 2591 252 2677 άγραν
274 2601 342 2656 τῶν
366 2589 497 2674 ἰχθύων
521 2587 557 2653 ἐν
581 2586 694 2671 ἀγαῖσι
716 2588 771 2654 καὶ
791 2589 826 2654 ἐν
845 2589 1010 2674 κλάσμασι
1028 2599 1158 2654 κωπῶν.

212 2754 227 2800 2
249 2745 350 2802 ἔπαιον
369 2746 417 2801 καί
441 2745 559 2802 ἔννατον
578 2746 627 2801 καί
657 2745 820 2802 ἔκοπτονΗ
850 2779 882 2786 -
910 2730 1059 2810 θάνίουςλί
1082 2778 1114 2788 -
1141 2744 1159 2813 ἥ

142 2839 228 2874 τινα.
245 2861 251 2872 .
268 2817 377 2889 ίχθάων
396 2835 449 2873 om.
466 2818 520 2874 Dd.
536 2850 569 2859 -
588 2821 655 2888 post
671 2819 809 2880 θύννουςε
835 2818 930 2889 ἀγαῖσι
950 2825 1051 2873 κωπῶν
1070 2816 1159 2889 ἤγουν

143 2888 280 2960 κλάσμασι
298 2890 478 2960 θραύσμασίν
497 2887 523 2945 τ’
543 2885 674 2960 ἐρειπίων
688 2891 773 2959 vulgo
793 2921 827 2930 -
848 2898 863 2944 3
883 2886 915 2945 ἐν
933 2892 1000 2944 ante
1020 2887 1160 2959 κλάσμασι

141 2977 195 3014 om.
212 2961 269 3014 VH
288 2993 321 3001 -
340 2964 407 3030 post
425 2970 540 3017 κωπῶντ
559 2961 740 3031 θραυσμασίν
759 2958 785 3015 τ’
803 2957 934 3031 ἐρειπίων
953 2961 1005 3016 Dd.

204 3125 269 3191 428
319 3126 539 3211 θραύσμασίν
563 3118 592 3187 τ’
614 3122 782 3210 ἐρειπίωνι
817 3121 944 3206 ἐρείπια
973 3127 1097 3209 κυρίως
1121 3125 1160 3189 τά

141 3232 298 3317 πτώματα
335 3242 402 3296 τών
440 3237 542 3296 οίκων
579 3227 707 3313 λέγεται
739 3228 759 3314 ἦ
792 3227 848 3295 καὶ
879 3231 919 3294 τά
952 3231 1088 3315 σώματα
1119 3232 1160 3295 τὰ

214 3429 228 3477 1
252 3423 283 3478 in
304 3424 437 3480 lemmate
464 3423 616 3494 θραύμαοί
631 3422 669 3491 Η,
692 3423 901 3495 θραύσμασιν
930 3455 965 3465 -
998 3419 1109 3493 ἐρείπια
1128 3419 1159 3477 δὲ

143 3496 200 3549 VH
218 3526 253 3536 —
272 3501 288 3550 2
307 3497 442 3567 πτώματα
456 3494 572 3551 VHDd.
583 3511 617 3549 ex
627 3494 657 3562 P,
676 3496 892 3566 παραπτώματα
906 3495 991 3564 vulgo
1012 3525 1043 3534 —
1064 3491 1161 3565 λέγον·

124 3584 175 3618 ται
195 3565 265 3619 V-
285 3563 304 3636 ἢ
324 3567 362 3624 τά
379 3566 467 3643 vulgo
486 3565 576 3626 ΜΗ
596 3600 629 3608 -
