2430 3856
119 185 162 250 94
550 187 707 240 SOHOLIA

185 350 330 434 277sqq.
377 349 518 416 ὀττοτοὶι
554 350 698 426 ἀκούσας
726 349 743 414 ὁ
769 352 869 436 χορὸς
899 359 961 416 τοῦ
994 351 1143 434 ἀγγέλου

119 457 285 538 εἰπόντος,
314 455 365 520 ὅτι
394 458 431 521 αλ
457 455 551 522 άιιταὶ
574 466 632 540 της
655 461 848 542 Σαλαμῖνος
870 456 926 522 καὶ
948 467 1012 534 πᾶς
1034 462 1138 538 τόπος

118 566 291 648 πρόχωρος
319 561 374 628 καὶ
399 567 525 642 πλατὺς
547 562 603 629 καὶ
622 563 811 648 εὐρύχωρος
828 562 971 648 γέμουσι
994 575 1062 630 τῶν
1085 591 1141 632 νε-

119 681 220 753 αρῶν,
249 673 346 754 φησί·
378 679 459 753 φεῦ,
482 673 522 735 τά
550 672 684 754 σώματα
711 674 908 754 τῶνφίλων
933 675 1077 756 Περσῶν
1099 674 1142 738 τὰ

91 797 103 837 ι
117 780 297 860 πολυβαφῆ
312 776 378 842 ὑπὸ
393 787 454 842 τοῦ
468 778 604 862 αἵματος
620 777 837 844 ἀποθανόντα
852 776 959 862 λέγεις
973 777 1141 862 φέρεσθαι

116 882 172 948 καὶ
195 885 341 966 άγεσθαι
364 883 504 949 ἁλίδονα
526 883 581 949 καὶ
604 885 670 950 ὑπὸ
694 895 751 970 τῆς
775 884 854 962 ἁλὸς
883 884 938 951 καὶ
965 886 1141 970 θαλάσσης

118 992 307 1075 δονούμενα
334 990 370 1056 ἐν
393 997 569 1075 πλαγκιοϊς
592 993 776 1074 ὃιπλάκεσι,
799 1003 871 1070 ταῖς
894 993 957 1058 δύο
983 993 1085 1072 πλαξί
1098 1031 1137 1042 -
1160 1001 1163 1005 ’

117 1106 175 1182 τῆς
193 1099 368 1181 θαλάσσης
387 1123 422 1164 τε
440 1097 495 1163 καὶ
513 1108 586 1184 γῆς’
611 1099 631 1184 ἢ
651 1100 688 1165 ἐν
702 1105 869 1184 Σαλαμῖνι
883 1097 939 1164 καὶ
955 1103 1139 1178 Πλαταιαῖς

119 1203 206 1289 -ἣ
234 1205 279 1283 ὡς
307 1204 349 1270 άν
379 1211 466 1271 εἴποι
493 1231 542 1283 τις
570 1208 732 1284 ὃιαύλοις.
777 1209 818 1271 τά
845 1208 908 1293 γάρ
935 1208 1065 1293 κύματα
1089 1207 1140 1274 ἐκ·

81 1330 106 1369 10
120 1322 225 1396 χεῖται
247 1311 302 1376 καὶ
326 1313 513 1378 ὑπονοστεῖ.
559 1312 701 1378 OPVH.

206 1469 239 1522 In
262 1471 288 1523 H
311 1471 365 1524 hoo
395 1470 452 1523 sch.
477 1487 541 1523 cum
564 1472 654 1525 antec.
681 1471 861 1525 coniunctum
884 1473 940 1536 θοις
977 1471 1083 1541 legitur
1107 1473 1139 1528 τὸ

119 1537 151 1595 δὲ
170 1539 322 1595 ὀτιοιολιοι
341 1540 461 1610 (ὀιιοιολ
479 1540 511 1594 in
528 1543 608 1595 textu
629 1543 711 1596 HVG
736 1544 765 1596 et
788 1544 890 1596 lemma
908 1544 934 1596 H
955 1543 1056 1597 scholii
1075 1550 1139 1613 271)

120 1643 152 1652 -
169 1617 183 1664 1
198 1610 213 1665 ὁ
228 1612 310 1682 χορὸς
325 1611 454 1696 άιιοάσας
459 1614 483 1666 V
493 1631 529 1653 -·-
548 1619 563 1666 3
578 1613 626 1666 καὶ
641 1614 747 1676 πλατὺς
761 1630 814 1668 om.
828 1613 855 1665 V
870 1645 902 1653 -
917 1612 967 1668 καὶ
982 1613 1139 1685 εὐρύχωρος

119 1751 172 1792 om.
186 1737 208 1791 O
225 1769 256 1778 -
277 1695 596 1826 &figmgzgwmwvfl
614 1769 648 1778 —
668 1742 684 1792 ὅ
703 1739 854 1811 πολοβαθῆ
868 1737 902 1803 Η,
921 1740 1100 1809 πολοφραφῆ
1114 1738 1138 1792 V

118 1839 152 1849 -
172 1809 228 1863 άπὸ
248 1811 365 1880 αἵματος
388 1830 405 1876 η
429 1810 486 1864 άπὸ
505 1809 609 1871 ὓδατος
627 1808 653 1861 V
676 1840 710 1850 -
738 1807 812 1879 λέγει
830 1809 857 1862 H
885 1841 918 1850 -
948 1808 996 1863 καὶ
1015 1808 1139 1879 άγισθοιι

117 1896 170 1934 om.
190 1879 243 1936 Dd.
273 1913 306 1920 -
332 1889 353 1934 ·6
378 1889 427 1950 τῆς
450 1880 516 1943 άλὸς
538 1880 588 1935 καὶ
607 1896 660 1934 om.
680 1880 733 1934 Dd.
771 1912 805 1921 -
838 1879 887 1934 καλ
905 1879 1061 1950 θαλάσσης
1080 1898 1136 1936 om.

115 1950 172 2004 VH
196 1983 228 1992 —
253 1956 420 2015 ἵπλαιιιοῖς
438 1952 520 2006 ΟΡΗ
541 1984 575 1993 —-
602 1950 766 2007 ὃιπλάιιιοοι
784 1951 849 2020 Dd.‚
878 1949 1026 2006 θιπλάκεσι
1049 1951 1139 2020 ΟΡΗ,

118 2022 322 2077 διπλάκοιιοιλῙ
344 2055 375 2063 -
395 2029 456 2086 ταῖς
475 2023 512 2086 ὡς
530 2021 567 2077 ἂν
586 2023 638 2077 ὃάο
657 2023 710 2076 Dd.
731 2040 764 2077 ex
783 2026 804 2076 P
824 2054 858 2063 -
877 2029 893 2076 8
912 2042 942 2078 τε
962 2036 1017 2077 om.
1031 2022 1090 2076 VH
1106 2056 1139 2064 -

117 2101 166 2163 τῆς
185 2101 235 2163 γῆς
252 2102 301 2162 τῆς
322 2096 394 2164 (ταῖς
412 2095 448 2160 V)
468 2090 499 2149 ἐν
518 2097 551 2149 Σ.
566 2093 623 2147 VH
643 2125 677 2135 —
695 2101 757 2158 ταῖς
775 2097 825 2149 Πλ.
842 2094 867 2146 Η
887 2125 921 2134 -
941 2102 956 2149 9
976 2091 994 2162 ἢ
1015 2112 1069 2150 om.
1083 2095 1138 2152 Dd.

117 2195 151 2204 -
172 2167 237 2234 εἴπη
256 2167 282 2218 Η
304 2197 336 2206 -
356 2165 476 2220 ὃιοιάλαο
494 2166 528 2220 Η.
540 2198 571 2205 -
584 2165 677 2235 Vulgo
698 2167 776 2219 extat
794 2165 866 2219 nihil
880 2164 937 2218 nisi
951 2165 1038 2223 schol.
1053 2164 1138 2236 Med,

118 2235 168 2290 sed
188 2231 311 2306 ἐγχεῖται
330 2238 359 2291 et
378 2253 421 2306 ap.
441 2236 535 2292 Pauw.
554 2236 720 2291 ὃιπλάιεοσι
739 2240 794 2307 (ap.
808 2237 881 2291 Viet.
898 2235 1065 2305 διπλάκεσι).

184 2916 248 2981 281
289 2914 444 3000 οὐδαμῶς
466 2917 529 2999 γάρ
552 2917 645 3000 ἤρκει
668 2913 723 2980 καὶ
742 2914 878 3000 ἐβοήθει
896 2926 967 2992 τοῖς
988 2912 1136 2999 Πέρσαις

117 3022 157 3086 τά
189 3021 275 3101 τόξα.
329 3030 391 3098 πάς
424 3018 461 3086 δὲ
493 3023 632 3106 στρατὸς
665 3021 838 3087 ἀπώλλυτο
872 3019 1061 3106 δαμασθεὶς
1099 3022 1136 3088 ἐν

117 3131 321 3212 προσβολαῖς
349 3131 456 3205 ναΐοις
482 3126 538 3193 καὶ
567 3130 623 3193 διά
646 3139 739 3213 νηῶν
761 3127 971 3212 γινομέναις,
999 3129 1074 3211 ἤτοι
1098 3129 1135 3196 ἐν

117 3239 293 3323 ναυμαχίᾳ.
339 3235 381 3301 V.

189 3400 205 3448 2
225 3391 348 3448 άπόλντο
368 3394 392 3446 V
411 3424 441 3434 -
465 3399 481 3448 3
500 3391 663 3464 γινομέναις
681 3411 750 3450 corr.
770 3412 784 3449 e
803 3392 959 3465 γινομένων
980 3393 1004 3447 V
