2430 3856
538 192 694 244 SCHOLIA

174 567 240 632 283
277 569 359 644 λυζεε
387 566 495 650 κρύζε,
521 568 614 649 φησί,
639 565 694 631 καὶ
718 565 824 648 φώνει
848 563 933 647 βοὴν
954 555 1125 648 δυσαιανῆ

107 669 161 736 καὶ
186 674 434 758 δυσθρήνητον,
458 674 607 758 ἄποτμον
630 671 686 738 καλ
708 675 908 756 κακόμορον,
931 673 1006 755 ύτοι
1026 695 1126 737 κακο-

107 779 258 844 δύναιον
294 789 363 855 τοῖς
401 777 548 865 Πέρσαις
583 789 654 856 τοῖς
690 784 896 863 πολεμικοῖς,
933 779 984 843 ὅτι
1015 779 1125 844 πάντα

107 887 282 968 παγκάκως
301 888 425 951 ἔθεσαν
439 885 494 952 καὶ
509 886 679 971 ἐποίησαν,
700 887 735 952 οἱ
750 883 827 951 θεολ
846 886 984 969 δηλαδή.
1016 887 1127 963 δαΐοις

82 1019 95 1059 ι
110 988 146 1057 δὲ
162 991 182 1075 ἢ
197 1002 267 1069 τοῖς
281 989 361 1077 πρὶν
381 988 457 1058 οὖσι
472 999 662 1078 πολεμικοῖς
676 992 696 1077 ἢ
713 991 991 1078 διακεκομμένοις.
1015 992 1125 1058 PVH.

182 1157 195 1202 1
216 1147 314 1217 έκραζε
332 1152 361 1204 et
376 1146 480 1220 ἐφώνει
493 1151 520 1205 V
538 1181 572 1191 -
592 1168 642 1219 pro
663 1150 764 1218 φύνειι
784 1149 888 1221 θρήνει
904 1152 929 1205 Η
948 1181 982 1190 -
1001 1155 1017 1203 2
1037 1170 1126 1205 κακο-

108 1219 234 1276 θάνατοι
252 1221 277 1274 V
292 1252 325 1261 —
341 1227 358 1274 4
376 1223 469 1285 δαΐοις
486 1220 518 1277 δὲ
542 1226 598 1277 κτλ.
619 1239 672 1278 om.
684 1223 747 1278 VH.
766 1254 803 1263 —
823 1225 853 1276 In
865 1222 890 1284 0
910 1221 980 1277 haec
998 1223 1124 1277 tantum:

108 1290 342 1363 διακεκομμένοις
360 1290 377 1361 ἢ
396 1293 464 1363 πρὶν
483 1289 546 1348 ούσι
563 1298 732 1364 πολεμικοῖς.

178 1492 258 1571 [284
303 1515 354 1576 γρ.
379 1493 533 1575 δυσεανῆ,
557 1493 664 1575 ἤγουν
687 1495 950 1576 πολυποίκιλον,
984 1491 1032 1573 R]

178 2382 241 2446 287
277 2375 302 2445 ὦ
326 2386 483 2445 πλεῖστον
503 2381 615 2464 έχθοςε
639 2381 722 2460 πρὸς
739 2381 801 2464 τὴν
821 2381 997 2464 Σαλαμῖνά
1020 2398 1126 2466 φησιν

111 2486 129 2552 ὁ
162 2488 314 2572 ἄγγελος·
352 2482 378 2551 ὦ
412 2488 518 2572 ὄνομα
551 2492 757 2571 Σαλαμῖνος,
791 2490 864 2571 ἤτοι
899 2482 925 2553 ὦ
960 2488 1125 2568 Σαλαμίν,

110 2599 267 2659 πλεῖστον
300 2597 400 2679 ἔχθος
432 2596 480 2671 εἰς
510 2596 548 2660 τὸ
581 2596 706 2677 κλύειν,
743 2593 893 2661 τουτέστι
925 2596 1008 2662 κατὰ
1039 2597 1126 2660 πολὺ

111 2701 230 2785 μισητὴ
255 2701 301 2775 εἰς
324 2701 361 2765 τὸ
385 2700 520 2765 ἀκούειν
543 2700 629 2787 ἡμᾶς
652 2699 727 2786 περὶ
751 2711 823 2768 σοῦ.
870 2702 1011 2768 OPVH.

185 2847 196 2891 1
220 2837 339 2908 ὀλιομῖνα
354 2838 454 2907 (sic)0
474 2871 507 2880 —
527 2846 543 2893 2
564 2835 584 2894 ὦ
604 2839 693 2911 ὄνομα
709 2845 741 2895 Σ.
757 2840 819 2908 ἤτοι
838 2859 891 2896 om.
908 2842 958 2897 [λδ.
979 2873 1012 2882 -
1032 2845 1127 2895 Σαλα-

112 2910 157 2980 μίς
175 2908 201 2962 V
219 2941 254 2950 —
274 2916 289 2963 3
310 2907 395 2980 ἔχθος
413 2910 462 2964 καλ
480 2911 575 2966 κλύειν
594 2912 619 2964 V
637 2944 671 2953 -
694 2911 733 2975 εἰς
753 2913 782 2966 τὸ
802 2929 856 2967 om.
875 2912 903 2966 H
922 2944 955 2954 -
975 2919 992 2966 4
1011 2913 1126 2982 μισητὸν

115 2981 136 3034 V
157 3012 190 3020 -
209 2981 283 3050 ἡμᾶς
302 2989 351 3036 σού
370 2981 404 3050 V,
423 2981 496 3052 ἡμᾶς
514 2981 545 3036 σε’
565 2983 619 3038 OH

180 3128 244 3192 289
291 3125 431 3210 στυγναλ
455 3122 485 3191 δ’
508 3125 662 3193 Ἀδᾶναιι
688 3127 744 3193 καὶ
768 3130 805 3193 αλ
822 3126 963 3212 Ἀθῆναι
987 3127 1127 3212 στυγναλ

112 3236 269 3317 γεγόνασι
287 3244 358 3311 τοῖς
375 3239 565 3318 πολεμικοῖς
580 3234 735 3320 Πέρσαις.
768 3232 855 3312 τινὲς
875 3232 912 3300 δὲ
930 3238 967 3301 τὸ
986 3234 1127 3321 στυγναὶ

114 3339 144 3405 δ’
168 3338 309 3425 Ἀθῆναι
327 3344 481 3407 τοιοῦτόν
500 3360 605 3427 φασιν
619 3344 670 3407 ὅτι
686 3341 767 3427 ἡμῖν
781 3353 851 3420 τοῖς
865 3345 973 3426 δηΐοις
987 3346 1128 3428 στυγνό-

175 3503 360 3568 2μεμονυίαι
379 3499 434 3554 VH
452 3531 487 3542 -
508 3504 523 3554 3
543 3500 656 3558 διδᾶναι
670 3500 696 3554 H
718 3533 749 3542 -
769 3501 860 3564 δαΐοις
873 3500 1077 3569 vulgoDdVH
1095 3535 1126 3544 -
