2430 3856
474 182 514 232 IN
532 182 564 234 V.
584 185 734 234 277-282.
1069 181 1113 244 95

95 340 160 404 277
185 348 251 422 φεῦ
274 339 352 404 VH.
375 378 417 386 -
446 342 511 407 278
538 351 577 426 τῇ

93 446 250 532 θαλάσση
282 449 514 532 ταρασσόμενα
537 449 577 514 V.

94 553 135 616 τὰ
169 551 206 617 ἐν
237 561 277 638 τῇ
308 551 362 619 ἁλὶ
393 559 578 639 συστρεφό-

95 682 179 743 μενα
202 659 243 726 Η.
283 659 321 726 ἐν
344 659 399 726 ἁλὶ
421 665 577 746 ταραττό-

95 789 179 850 μενα
203 766 241 831 G.
288 767 325 833 ἐν
354 777 394 852 τῇ
422 769 578 855 θαλάσση

96 875 266 958 φερόμενα
282 873 351 938 BL.
370 911 415 921 -
433 874 498 940 ὑπὸ
516 887 579 942 τοῦ

95 980 233 1063 αἵματος
251 978 442 1066 βεβαμμένα
455 980 496 1046 V.
513 981 578 1047 ὑπὸ

632 343 697 409 278
726 342 792 408 ὑπὸ
814 352 875 409 τοῦ
902 343 1050 426 αἵματος,
1080 344 1114 408 in

632 471 734 536 marg.
753 451 784 515 h.
799 474 828 515 v.
848 451 1045 534 adscriptum
1072 453 1088 528 ζ
1107 499 1114 514 .

632 560 841 623 ΑΛΙΔΟΝΙ
856 558 877 624 i.
893 579 919 621 e.
935 558 1021 639 ζήτει
1044 555 1115 620 ἁλι-

608 642 725 729 ’δόνα
749 701 784 712 -

95 1087 234 1170 αἵματος
248 1087 285 1153 G.
309 1087 343 1166 ἐξ
362 1087 499 1172 αἵματος
512 1089 578 1155 BL.
671 1143 673 1146 .

98 1231 136 1241 -
162 1195 227 1260 279
248 1192 466 1270 ἀποθανόντα
479 1195 520 1260 Η.
535 1233 578 1242 -

94 1311 168 1378 ταῖς
192 1301 254 1365 δύο
275 1299 373 1378 πλαξὶ
387 1300 426 1364 V.
446 1339 488 1347 -
508 1314 579 1379 τοῖς

94 1409 218 1491 κύμασι
241 1417 311 1484 τοῖς
335 1409 459 1486 ὃιπλῶς
478 1432 578 1493 φερο-

95 1514 208 1599 μένοις
228 1513 456 1602 (κινουμένοις
469 1515 508 1598 G,
523 1517 577 1581 sed

95 1623 167 1686 vide
191 1623 257 1687 sch.
276 1622 304 1686 B
324 1645 375 1706 ap.
395 1621 471 1709 Dd.)
492 1625 578 1688 ἔνθα

94 1727 151 1795 παλ
184 1731 270 1794 ἔνθα
301 1728 322 1813 ἢ
352 1737 392 1812 τῇ
421 1729 577 1816 θαλάσσῃ

93 1835 151 1902 καὶ
174 1844 224 1922 (τῇ
248 1836 317 1901 add.
337 1833 381 1923 G)
404 1844 447 1922 μη
472 1836 516 1913 ὡς
535 1835 577 1902 ἂν

94 1950 183 2010 εῖποι
203 1940 292 2030 (ελπη
311 1941 353 2029 L)
372 1966 422 2019 τις
440 1941 576 2031 (τοῖςίλ)

95 2051 258 2127 ὃιαύλοις·
291 2050 332 2114 τὰ
359 2052 423 2136 μὰρ
448 2052 577 2134 κύματα

42 2167 44 2170 ⁴
94 2159 236 2243 ἐκχεῖται
286 2154 341 2221 καὶ
389 2157 576 2223 ὑπονοστεῖ.

95 2267 218 2341 άλλως·
259 2274 331 2340 ταῖς
367 2264 430 2328 δύο
468 2263 576 2346 πλαξί,

94 2379 153 2456 της
179 2369 352 2454 θαλάσσης
378 2368 434 2435 καὶ
457 2380 529 2455 γῆς·
556 2371 576 2455 ἣ

95 2478 133 2545 ἐν
157 2480 330 2561 Σαλαμῖνι
349 2499 383 2542 τε
407 2475 462 2542 καὶ
486 2482 578 2543 Πλα-
615 2569 617 2572 Ι

94 2594 203 2660 ταιαῖς
227 2582 350 2668 (άλλως
367 2589 434 2649 κτλ.
455 2605 517 2649 om.
535 2582 578 2671 G)

95 2689 273 2776 marg.GL.
301 2727 338 2736 -
368 2686 372 2693 ’

95 2907 160 2971 281
186 2903 324 2989 ἐβοήθει
346 2903 477 2969 VBGL
505 2904 577 2988 (ἀρ-

94 3013 173 3077 ιιετολ
195 3007 238 3095 ἦν
263 3011 333 3076 add.
357 3011 428 3094 BG,
459 3009 580 3094 άρκετά

95 3119 167 3184 add.
188 3117 236 3204 L).
256 3155 299 3164 —
324 3116 458 3200 ἐφθάρη
477 3117 519 3181 Η.
539 3156 576 3164 -

96 3227 163 3292 282
186 3234 359 3300 ναυτικαῖς
376 3223 521 3289 VHGL.
536 3262 579 3272 —

96 3336 315 3417 προσβολαῖς,
357 3331 580 3416 συγκρούσεσι

97 3438 134 3504 G.
159 3439 403 3524 σνγκρούσεσιν
420 3439 454 3504 L.
477 3455 580 3526 προσ-

632 1730 698 1797 280
707 1734 897 1814 πλαγκτοῖςτ
912 1728 958 1806 ὡς
971 1727 1014 1793 άν
1026 1734 1114 1794 εἴποι

631 1861 681 1914 τις
704 1839 862 1914 βιαύλοις.
904 1836 945 1900 τὰ
970 1836 1033 1919 γὰρ
1056 1836 1114 1900 κύ-

631 1967 716 2028 ματα
758 1944 899 2028 ἐκχεῖται
940 1939 996 2008 καὶ
1032 1942 1114 2008 ὑπο-

631 2063 750 2116 νοστεῖ.
786 2050 959 2116 ὃιπλάνιεσι
983 2045 1020 2115 δὲ
1042 2060 1114 2127 ταῖς

632 2157 694 2222 δύο
718 2157 831 2239 πλαξί,
858 2167 916 2242 τῆς
941 2157 1115 2240 θαλάσσης

631 2287 666 2328 τε
693 2262 748 2330 καὶ
776 2275 844 2349 γῆς.
890 2265 910 2349 ἦ
940 2264 977 2330 ἐν
1004 2268 1114 2330 Σαλα-

631 2381 702 2454 μῖνι
726 2369 781 2435 καὶ
806 2376 998 2447 Πλαταιαῖς.
1020 2408 1058 2417 -

634 3224 700 3289 282
723 3220 798 3287 άντὶ
825 3229 886 3286 τοῦ
913 3223 1116 3306 προσβολαῖς

634 3327 717 3418 (gw-
736 3365 781 3376 -
