2430 3856
495 179 535 231 IN
552 179 586 233 V.
606 181 757 233 744-761.

114 341 222 423 ἤγουν
249 341 287 405 τὸ
316 339 431 405 ἐλθεῖν
453 363 493 425 με
517 341 601 405 κατὰ

114 457 183 512 τῶν
198 443 388 530 Ἀθηναίων
402 445 442 513 V.
456 485 501 497 -
517 452 601 531 τελη-

115 564 222 640 ρῶσαι
240 553 280 619 7.
311 591 349 601 -
381 556 448 620 744
472 555 598 640 ὡραῖον

114 663 296 746 praefixum·
314 659 389 726 VG.
417 698 456 710 -
480 661 527 746 *ἣ
551 663 599 739 εἰς
654 662 721 727 744
738 662 830 743 ὅταν,
850 665 945 746 φησί,
966 663 1136 749 σιεανδάζῃ

114 769 198 834 καλὰ
229 768 250 853 ἢ
283 771 332 846 εἰς
359 769 445 834 κακὰ
468 768 509 833 V.
552 770 599 846 εἰς
653 791 703 845 τις
725 770 773 845 εἰς
790 769 875 834 κακὰ
893 769 914 853 ἣ
934 770 981 846 εἰς
997 770 1093 852 καλά,
1118 770 1136 836 ὁ

112 876 247 960 ἀγαθόν
282 899 316 941 τι
350 875 392 942 Η.
436 864 520 962 ατρὸς
560 876 599 940 τὸ
652 875 735 952 θεὸς
753 876 1137 962 συνεπιλαμβάνεται.-

114 985 217 1049 κακὸν
250 982 270 1067 ἢ
307 983 391 1068 πρὸς
422 983 460 1048 τὸ
495 982 599 1047 καλὸν

115 1091 183 1157 BL.
207 1126 250 1138 -
274 1093 399 1174 βοηθεῖ
414 1089 454 1157 Η.
479 1127 514 1136 -

115 1643 180 1708 745
212 1643 337 1722 κακῶν]
371 1647 462 1705 *τῶν
486 1640 526 1706 V.
554 1678 598 1686 —

114 1747 295 1834 *φαίνεται
308 1747 348 1813 7.
363 1785 399 1793 -
417 1747 599 1833 εὑρεθῆναι

114 1856 155 1922 V.
177 1855 337 1941 εὑρέσθαι
350 1853 392 1919 Η.
410 1890 449 1900 -
465 1851 510 1919 *ὁ
525 1854 599 1930 υίὸς

115 1963 133 2030 ὁ
157 1963 235 2048 ἐμὸς
253 1962 293 2028 V.
315 1999 352 2008 —
378 1962 443 2026 746
467 1961 597 2025 *ταῦτα

113 2067 153 2134 V.
175 2107 213 2116 —
239 2067 434 2134 *ἐτελείωσε
453 2068 493 2133 V.
507 2104 551 2114 —

111 2336 174 2400 747
196 2336 252 2400 διὰ
272 2336 310 2399 τὸ
331 2330 418 2400 εἶναι
437 2329 494 2421 (ἦν
509 2331 593 2420 cod.)
649 2335 713 2401 747
725 2335 782 2400 διὰ
795 2337 832 2401 τὸ
849 2333 1131 2424 wemmam-

108 2444 201 2528 ἱερὸν
234 2442 338 2509 ἐκεῖσε
370 2445 455 2519 Διὸς
477 2441 518 2507 V.
547 2478 589 2487 —
646 2448 728 2508 σθαι
776 2443 828 2522 m)
880 2442 1003 2509 αὐτόθι
1046 2444 1132 2520 Διὸς

107 2550 164 2632 ὣς]
196 2549 302 2627 οὕτως
324 2549 364 2615 V.
392 2586 428 2596 -
461 2549 590 2632 *ἤγουν
645 2549 748 2634 ἱερόν,
800 2549 844 2627 ὡς
885 2549 1060 2628 Μνασέας·
1109 2549 1129 2634 ἢ

104 2656 142 2722 ἐν
172 2658 307 2741 δεσμοῖς
329 2655 369 2722 V.
416 2655 452 2722 έν
475 2655 518 2722 Η.
547 2693 588 2702 -
643 2658 703 2722 τὸν
727 2654 916 2742 ἀνειμένον,
953 2656 998 2736 ὡς
1021 2656 1131 2743 εἱερὸν

103 2765 168 2832 748
193 2765 372 2850 κρατήσειν
395 2763 436 2829 V.
469 2770 589 2850 κρατῆ-
645 2765 764 2848 ἰχθύν
784 2762 1054 2855 (Hom.11407).
1074 2803 1117 2812 -

102 2888 158 2937 σαι
172 2870 214 2936 Η.
239 2908 273 2916 -
296 2870 395 2952 θεοῦ]
415 2878 477 2935 τοῦ
490 2869 530 2935 7.
547 2908 585 2916 -

102 2979 166 3045 749
178 2976 336 3062 μετέβαλε
346 2976 386 3044 7.
406 2976 586 3063 μετέβαλεν

100 3087 148 3162 εἰς
164 3092 228 3169 γῆν
244 3083 346 3150 BGL.
363 3122 405 3130 -
424 3086 488 3150 750
503 3084 585 3151 ὁδὸν

99 3192 138 3256 7.
165 3229 203 3238 —-
230 3191 363 3276 ἐβάδισε
385 3191 428 3256 Η.
451 3228 495 3238 -
520 3191 582 3257 751

95 3297 261 3383 ὑπέλαβεν
283 3298 324 3364 7.
364 3337 401 3346 -
446 3298 584 3383 7ἤγουν

94 3417 213 3492 μιαρῶς
231 3406 271 3471 7.
296 3444 331 3454 -
