2430 3856
121 168 186 231 212
552 169 709 221 soflomA

120 329 176 398 καὶ
194 333 254 396 τὸν
266 325 514 415 Ἑλλήσποντον
534 332 669 414 δεσμοῖς
688 331 838 416 σιδηροῖς
856 330 1045 416 περιβαλὼν
1064 331 1139 413 ήτοι

121 436 273 523 γέφυραν
292 437 329 502 ἐν
349 437 437 525 αὐτῷ
458 436 514 501 διά
533 437 675 522 σιδήρου
694 435 918 522 ἐργασάμενος
936 437 1064 520 πολλήν
1083 435 1139 502 καὶ

121 545 252 630 μακράν
279 542 444 610 κέλευθον
470 539 526 607 καὶ
555 540 636 608 ὁδὸν
664 542 833 628 ἐπλήρωσε
857 540 912 607 καλ
935 541 1070 626 ἐποίησε
1092 553 1139 631 τῷ

83 673 108 714 10
123 652 342 737 στρατεύματι
370 651 551 734 ἄνθρωπος
579 651 641 715 ὥν·
669 647 751 739 βετο
780 646 818 740 δὲ
843 647 899 715 καὶ
926 650 1139 735 ὑπελάμβανε

122 755 178 824 καὶ
197 759 347 843 ἐνόμιζεν
366 756 428 821 ούκ
446 755 483 822 ἐν
502 756 672 844 εὐβουλίᾳ,
692 754 763 822 ἀλλ’
781 755 933 841 ἀβούλως
951 754 1005 822 καλ
1020 769 1139 844 μωρῦς

121 867 300 950 κρατήσειν
313 863 448 928 πάντων
462 874 530 928 τῶν
544 869 637 930 θεῶν
650 862 705 928 καὶ
720 872 781 929 τοῦ
794 852 1009 942 Ποσειδῶνος
1023 865 1137 950 αὐτοῦ,

122 970 159 1047 ὃς
180 972 297 1056 κύριος
318 979 376 1055 τής
398 970 569 1054 θαλάσσης
593 971 670 1036 ἐστί.
790 975 792 978 ’

122 1117 138 1164 ’λ
158 1105 331 1200 ἓλλήσπρντα
350 1109 376 1162 Η
405 1141 439 1150 -
467 1105 535 1165 8ἕν
554 1106 644 1184 ἑαυτῷ
666 1111 688 1163 V
709 1142 742 1201 Τ
766 1111 889 1182 σιδήρεον
907 1110 964 1166 VH
994 1144 1025 1152 —
1055 1112 1139 1168 9καλ

80 1200 82 1203 ’
122 1181 189 1236 δδδν
209 1186 350 1252 επληρωσε
367 1180 416 1236 καλ
435 1181 525 1236 om.V
541 1213 573 1222 —
590 1188 623 1235 10
642 1183 839 1306 ὑπελάμβανεν
863 1183 914 1238 οῦκ
933 1178 965 1239 ἐν
985 1184 1042 1257 εύβ.
1058 1184 1085 1237 Η
1103 1216 1136 1224 -

123 1259 155 1306 11
176 1254 227 1307 οάκ
247 1253 385 1326 εὐβούλως
402 1252 429 1307 V
447 1257 534 1306 -12
560 1252 739 1324 κρατησαιΟ
771 1253 828 1308 VH
847 1285 880 1294 -
906 1261 937 1309 13
961 1253 1059 1326 κύριός
1082 1251 1138 1311 ἐστι

121 1332 171 1394 τῆς
193 1324 340 1394 θαλάσσης
356 1324 421 1379 VH.
440 1356 477 1364 -
499 1323 628 1378 Alterum
653 1322 739 1379 schol.
759 1343 784 1380 v.
801 1331 861 1391 747,
885 1325 961 1394 quod
983 1329 1013 1380 in
1036 1327 1097 1381 cod.
1116 1323 1138 1380 P

122 1400 217 1451 extare
240 1395 293 1450 Dd.
313 1394 432 1450 indioass:
460 1395 526 1458 τοῦς
547 1394 602 1466 γὰρ
627 1395 745 1458 δούλοος
770 1397 921 1466 δεσμοῦσιν
944 1395 975 1452 οί
995 1396 1137 1466 δεσπόται,

120 1483 178 1521 non
197 1466 367 1522 scholiastae
381 1467 412 1535 P,
431 1466 479 1521 sed
499 1467 522 1520 B
540 1465 721 1522 tribuendum
740 1469 791 1522 θεῖ.
819 1468 894 1522 Nam
911 1467 987 1522 idem
1006 1469 1139 1524 exhibent

122 1538 202 1594 codd.
223 1539 247 1594 G
266 1539 296 1592 et
314 1539 345 1594 L.

190 1719 255 1786 753
267 1742 311 1804 sq.
359 1716 507 1784 δέδοικας
545 1723 730 1804 φοβοῦμαι,
767 1723 864 1805 φησί,
902 1721 946 1805 μή
984 1720 1002 1786 6
1035 1725 1139 1799 πολὺς

121 1831 264 1903 πλοῦτος
293 1825 310 1890 6
340 1825 402 1890 ἀπὸ
430 1835 491 1891 τοῦ
519 1824 601 1910 ἐμοῦ
624 1829 731 1892 πόνον
754 1825 985 1912 κατορθωθελς
1008 1826 1138 1914 ἁρπαγή

121 1933 186 1998 ὑπὸ
210 1941 270 1998 τοῦ
294 1933 490 2017 φθάσαντος
512 1933 586 2016 ήτοι
608 1935 861 2017 καταλαβόντος.

194 2076 208 2124 1
230 2069 348 2126 δέδοικά
367 2088 437 2141 φησι
455 2071 504 2125 καὶ
523 2075 669 2144 φοβοῦμαι
687 2071 724 2143 μή
738 2072 764 2125 V
778 2105 811 2114 —
832 2080 848 2128 2
867 2077 986 2136 πλοῦτος
1004 2081 1054 2128 τοῦ
1069 2068 1138 2144 ἐμοῦ

121 2141 212 2198 πόνον
236 2140 337 2210 (πόνον
355 2141 391 2210 V)
415 2140 528 2213 ἁρπαγή
551 2140 677 2213 (γένηται
704 2142 818 2215 ἁρπαγή
837 2145 873 2213 V)
892 2144 950 2199 VH
976 2177 1013 2184 -
1040 2152 1056 2200 3
1082 2145 1138 2200 ὑπὸ

122 2231 176 2268 om.
196 2212 221 2263 V
246 2244 279 2253 -
307 2212 370 2279 ήτοι
388 2211 597 2285 καταλαβόντος
615 2232 669 2271 om.
683 2214 740 2268 VH
769 2247 803 2256 -
830 2214 964 2287 τυχόντος
982 2233 1033 2287 pro
1052 2237 1139 2270 κατα-

121 2282 256 2358 λαβόντος
274 2283 327 2339 Dd.
347 2301 380 2339 ex
399 2283 421 2338 P
683 2288 685 2292 '

190 2465 256 2531 755
282 2473 385 2531 ταῦτα
404 2476 473 2542 τοῖς
491 2475 618 2542 κακοῖςτ
637 2475 740 2531 ταῦτα
760 2468 950 2533 διδάσκεται
965 2467 983 2533 6
997 2466 1139 2552 θούριος

122 2571 178 2637 καὶ
202 2571 220 2638 6
245 2572 421 2659 ὁρμητικὸς
438 2573 522 2657 πρὸς
539 2575 600 2639 τὸν
617 2576 764 2658 πόλεμον
782 2573 906 2660 Ξέρξης
924 2574 1051 2659 ὁμιλῶν
1069 2585 1139 2652 τοῖς

122 2687 236 2756 κακοῖς
267 2679 418 2765 ἀνδράσι.
464 2676 599 2763 λέγουσι
627 2682 690 2763 γάρ
719 2681 808 2769 αύτῷ
833 2679 884 2768 (τὸ
912 2682 976 2766 γάρ
1003 2681 1044 2747 δέ
1063 2679 1138 2747 ἀντὶ

122 2795 184 2851 τοῦ
207 2785 271 2870 γάρ
294 2785 314 2869 ή
336 2788 492 2871 περισσὸς
511 2786 528 2852 6
550 2786 589 2852 δέ
606 2788 806 2875 σύνδεσμος)
825 2789 875 2854 ὅτι
894 2790 936 2852 σὺ
956 2784 1017 2872 μὲν
1036 2789 1138 2873 ὄλβον

96 2915 109 2955 5
123 2892 248 2974 ἐκτήσω
265 2890 370 2977 μέγαν
388 2890 516 2970 τέκνοις
530 2894 614 2977 (σὺν
629 2895 750 2979 αίχμή>
764 2893 819 2960 καί
833 2895 870 2961 ἐν
885 2895 1137 2980 ἀνδραγαθίαις,

122 3007 244 3065 τοῦτον
272 2995 309 3063 δὲ
338 2996 393 3063 ὑπ’
421 2999 604 3084 ἀνανδρίας
632 3001 733 3065 ἔνδον
760 3010 817 3086 τῆς
840 3004 947 3079 οίκίας
970 3014 1077 3068 κινεῖν
1099 3004 1136 3068 τὸ

124 3107 217 3191 δόρυ,
241 3106 300 3170 τὸν
325 3107 428 3190 ’ύλβον
451 3101 488 3172 δὲ
511 3109 570 3172 τὸν
593 3108 753 3188 πατρικὸν
777 3109 821 3193 μή
846 3108 1009 3187 αὐξάνειν.

194 3269 211 3317 2
230 3261 280 3317 καλ
298 3262 447 3334 ὁρμητικὸς
465 3263 480 3318 6
499 3265 538 3332 Η,
557 3263 606 3318 καὶ
625 3264 773 3335 ὁρμητικὸς
792 3266 868 3320 V-
889 3273 904 3320 3
924 3266 1063 3335 ἀνδράσιν
1083 3264 1138 3323 ἔδι-

122 3334 243 3390 δάσκετο
263 3336 295 3402 V,
315 3335 365 3403 qui
382 3340 468 3389 antea
485 3334 650 3391 διδάσκεται
670 3354 723 3392 om.
749 3367 783 3378 —
808 3339 840 3393 τὸ
859 3337 912 3408 γὰρ
933 3381 939 3392 .
960 3382 965 3393 .
985 3339 1139 3410 σύνδεσμος

123 3424 177 3462 om.
197 3405 231 3472 H,
251 3404 267 3460 6
285 3405 339 3477 ηάρ
358 3403 391 3461 δέ
410 3405 563 3477 σύνδεσμος
581 3407 645 3463 ἀντὶ
658 3416 708 3463 τοῦ
726 3407 780 3478 γάρ
799 3406 817 3477 ή
832 3410 961 3479 περισσὸς
975 3409 990 3464 6
1006 3408 1038 3465 δέ
1052 3411 1138 3480 vulgo

121 3477 174 3532 Dd.
204 3508 237 3517 -
266 3484 334 3546 4sq.
354 3472 460 3546 ἐκτήσω
479 3476 567 3548 μέγαν
587 3477 714 3551 ύλβονλί
743 3511 775 3520 -
805 3486 821 3535 ῦ
846 3476 876 3536 ἐν
900 3478 1009 3544 τέκνοις
1028 3481 1084 3536 VH
1106 3513 1138 3522 -

109 3553 233 3602 στεῦτο
248 3548 282 3601 H
298 3581 333 3591 -
351 3548 409 3606 ἀπὸ
432 3548 486 3606 VH
507 3581 541 3591 -
560 3551 679 3624 ἀνδρίας
696 3549 724 3604 Η
