2430 3856
486 195 526 246 IN
544 195 577 247 V.
598 197 748 246 134-142.
1079 188 1124 254 53

106 354 244 437 135την
256 352 588 440 ἕξοχήν,ειιροτηοοι1
643 355 708 419 134
729 351 826 440 (135)
848 355 908 418 τὸν
921 348 1124 438 Ἑλλησπον-

103 461 165 526 τὸν
178 456 425 545 Ἑλλήσποντον
443 460 534 544 λέγει
547 460 588 525 V.
641 478 713 525 τον·
738 461 774 525 οί
790 459 838 542 δέ,
860 461 911 526 ὅτι
934 464 1068 546 Ταῦρον
1086 462 1124 526 τὸ

104 568 165 633 τὸν
187 564 435 651 Ἑλλήσποντον
456 569 498 632 Η.
540 566 587 645 ἐξ·
642 570 730 651 ὄρος.
753 606 798 614 -
825 569 889 633 135
911 578 1042 651 πρῶνα;
1064 569 1126 632 τὸν

105 675 190 758 οχὴν
225 673 329 740 ΒΗΙπ
383 677 492 758 ἤγουν
527 676 588 739 τὸν
642 677 852 758 προνεύοντα
875 676 922 750 είς
944 675 1044 758 ἄμφω
1064 675 1124 751 τὰς

107 784 359 865 Ελλήσποντον.
403 792 520 866 πρῶνα
550 777 588 844 δὲ
642 781 799 866 ἠπείρους
813 781 833 866 ἢ
846 783 907 846 τὸν
920 783 1037 847 κοινὸν
1052 778 1125 846 ἕκα-

104 885 195 971 λέγει
214 890 287 971 ἤτοι
305 890 366 954 τὸν
379 888 589 973 προνεύοντα
642 887 1125 973 τέραςγης.μεταξύγάρέστιν

105 995 153 1070 εἰς
189 996 289 1080 ἄμφω
325 997 384 1072 τὰς
420 994 514 1081 (τοὺς
545 991 587 1072 L)
643 995 810 1080 Εὐρώπης
828 994 883 1060 καὶ
899 991 1017 1073 Ἀσίας.
1040 1033 1077 1042 -

105 1101 264 1185 ἠπείρους
274 1103 299 1167 L
310 1124 412 1187 marg.
422 1102 459 1166 G.
471 1139 516 1147 -
530 1101 589 1184 ἆυ

105 1211 195 1293 φοι]
215 1206 328 1286 Ἀσίας
350 1208 406 1274 καὶ
425 1208 591 1291 Εὐρώπης

106 1314 144 1381 Β.
166 1324 225 1400 τῆς
244 1314 356 1394 Ἀσίας
372 1314 429 1381 καὶ
447 1325 505 1400 τῆς
522 1315 590 1379 Εὐ-

106 1422 220 1506 ρώπης
233 1422 303 1488 GL.
321 1461 359 1470 —
411 1408 414 1412 ’
973 1476 978 1485 .

107 1530 172 1594 136
191 1529 230 1594 αί
247 1528 495 1595 κοῖταιΗΒΗΙι
507 1526 590 1616 (τῶν
645 1531 709 1596 136
728 1539 768 1615 τῇ
787 1529 932 1616 ἀπουσίᾳ
951 1528 1062 1594 αὐτῶν
1081 1565 1125 1574 -

105 1644 277 1718 γυναικῶν
296 1637 366 1702 add.
378 1634 434 1722 V).
450 1673 491 1682 —-
510 1636 590 1701 ἄπο

106 1744 210 1830 δημίηι
224 1743 266 1808 Η.
287 1780 325 1790 -
353 1744 416 1808 137
440 1746 590 1827 γεμίζου-

104 1840 160 1913 ται
192 1850 349 1935 δακρύων
375 1850 417 1914 V.
463 1851 500 1915 ἐν
532 1849 589 1914 δοί-
646 1851 709 1915 138
733 1850 898 1933 ἐπιμόνως
924 1853 1125 1931 πενθοῦσαι,

104 1972 205 2038 κρυσι
234 1967 302 2020 τῶν
330 1969 501 2039 γυναικῶν
523 1957 589 2022 GL.
644 1956 688 2033 ὡς
712 1957 824 2021 δοκεῖν
843 1954 1051 2042 ἁβρύνεσθαι
1070 1952 1125 2019 ἐπὶ

105 2071 174 2126 τῶν
200 2073 372 2145 γυναικῶν
395 2064 432 2128 B.
456 2102 498 2110 -
526 2065 588 2130 138
642 2071 688 2152 τῷ
717 2060 770 2151 (τὸ
798 2086 845 2147 m,
872 2084 952 2128 corr.
975 2061 1125 2145 Kirchh.)

104 2173 330 2246 πολυπενθεῑς
349 2170 426 2235 VH.
448 2208 486 2217 —
642 2176 792 2237 πενθεῖν.
818 2207 859 2217 -

108 2595 172 2660 139
197 2594 331 2680 ἕκαστα]
354 2621 375 2680 η
399 2620 536 2682 supera
549 2597 589 2662 V.
646 2596 708 2661 139
724 2596 805 2680 μετὰ
818 2594 1126 2680 φιλοίνοροςπόθου

109 2739 148 2748 -
192 2702 352 2786 ἀγαπῶσα
398 2705 458 2768 τὸυ
500 2705 589 2769 ἴδιον
642 2700 725 2791 (gl).
752 2742 789 2753 -

106 2809 215 2892 ἄνδρα
224 2808 265 2874 V.
293 2811 353 2875 τὸν
372 2811 462 2876 ίὸιον
481 2811 589 2896 ἄνδρα

106 2914 277 2998 ἀγαπῶντι
295 2917 336 2981 Η.
361 2954 402 2963 -
432 2919 495 2982 140
520 2919 556 2980 αἰ
575 2957 589 2966 -

105 3023 243 3106 μήεντα]
272 3025 345 3107 ἤτοι
373 3026 421 3100 εἰς
448 3025 508 3089 τὸν
530 3027 588 3089 πό-

106 3133 209 3212 λεμον
232 3129 274 3194 Η.
297 3168 335 3178 -
360 3135 507 3214 θοῦρον]
531 3152 588 3196 πο-

106 3239 253 3320 λεμικόν,
269 3237 451 3323 ὁρμητικὸν
464 3237 505 3302 V.
530 3241 589 3303 τὸν

105 3345 286 3427 πολεμικὸν
301 3343 373 3410 BG.
385 3381 421 3391 —
435 3345 588 3429 ἄνδραν.

105 3485 150 3495 -
176 3451 238 3516 141
270 3453 425 3517 στείλασα
444 3450 521 3517 VH.
548 3489 586 3499 —

101 3557 169 3620 142
198 3554 320 3624 ἐκιίστα
350 3557 527 3630 λέλειπται
549 3561 598 3631 H.
659 3561 729 3631 142
763 3558 852 3624 ἰλυευ
875 3557 944 3616 τοῶ
970 3539 1189 3623 &521ssssss
