2430 3856
396 181 607 234 ADNOTATIO
628 182 780 234 ORITICA.
1028 186 1102 237 LXV

89 341 207 409 Περσῶν
225 339 312 410 vulgo
331 341 371 396 sic
388 341 418 395 in
436 339 520 395 initio
540 339 641 397 scholii
658 340 753 412 posita
776 341 854 410 sunt,
876 342 910 395 ut
927 341 1017 411 legas:
1045 340 1102 398 έσιι

87 411 237 466 καὶτοῦτο
255 411 378 482 πόλισμα
396 414 521 482 Περσῶν.
1156 424 1162 434 “

157 483 229 537 Tum
248 486 299 538 has
318 483 570 538 transmutationes
586 483 665 538 nullo
685 483 813 539 codicum
831 483 973 552 praesidio
989 483 1101 540 adiutus

87 555 183 608 lumen
202 555 286 609 facile
306 553 424 624 detegis.

158 625 216 681 sch.
235 633 268 680 21
289 627 375 681 verba
394 623 452 689 οίος
470 619 506 695 ἦν
525 643 547 681 e.
563 644 590 695 q.
605 645 636 692 ε,,
655 642 728 695 ροσε
745 626 812 696 post
834 624 870 680 τὰ
893 623 945 697 μέν
963 634 1019 681 τῶν
1039 626 1102 683 ὀνο-

87 695 182 766 μάτων
202 695 355 766 λσιόρησεν,
379 696 415 752 ιὰ
433 695 464 752 δέ
484 699 595 761 τελείως
613 695 734 753 ἔπλασεν
752 698 927 767 legebantur,
951 715 1014 753 cum
1032 715 1101 754 voce

88 769 211 839 βασιλεῖς
229 769 425 838 coniungenda
444 771 517 823 sunt.
554 769 674 824 Etiamsi
692 769 780 824 verbe
802 768 838 823 ιὰ
856 766 908 840 μέν
927 799 961 810 -
981 767 1102 826 ἔπλασεν

88 839 117 892 in
136 839 297 910 parenthesi
315 841 390 894 inter
403 838 498 911 Πέρση
518 841 547 894 ct
566 838 624 904 οἷος
637 833 674 909 ἦν
687 839 855 911 interpositu
869 856 930 895 esse
945 839 1100 898 existimes:

87 912 121 965 de
139 911 300 965 nominibus
319 928 377 966 non
394 914 489 980 potest
507 928 597 967 sermo
616 928 685 980 esse,
723 913 866 980 riusquem
885 927 920 966 ec
933 927 1101 968 commemo-

86 983 150 1036 ratu
168 983 241 1036 suut.
279 982 396 1036 Accedit
415 982 491 1051 quod
510 984 671 1053 corruptela
707 982 780 1038 ecile
799 983 839 1037 sic
858 981 926 1039 oriri
944 982 1050 1053 potuit,
1068 986 1101 1039 ut

86 1050 196 1107 librarii
215 1052 290 1108 oculi
304 1070 322 1106 a
334 1051 430 1125 Πέρση
445 1053 482 1107 ed
495 1057 613 1124 Περσῶν
628 1054 809 1122 diverterent,
823 1055 886 1108 tum
899 1053 1005 1110 omissa
1014 1057 1101 1111 verbe

84 1127 150 1192 post
169 1123 288 1179 ἔπλασεν
307 1126 484 1180 adderentur.

158 1196 216 1252 seh.
235 1202 287 1279 ,¹²⁰
306 1196 394 1250 verba
411 1193 428 1264 ἢ
447 1201 485 1270 τῷ
505 1197 587 1270 βιαίῳ
605 1193 700 1270 ἀνέμῳ
718 1195 749 1250 in
768 1212 848 1250 suum
867 1196 963 1252 sedem
978 1197 1101 1265 restitui,

88 1283 151 1320 cum
170 1285 353 1337 corrigerem:

157 1337 375 1408 πολιαινομένης
401 1359 430 1394 σε
458 1338 507 1393 καὶ
534 1336 753 1409 λευκαινομένης
784 1336 877 1412 λάβρῳ
904 1335 922 1407 ἦ
949 1340 988 1412 τῷ
1017 1341 1100 1414 βιαίῳ

86 1408 180 1484 ἀνέμῳ
200 1408 217 1478 ἢ
237 1409 427 1480 ἀφριζομένης
441 1410 550 1480 δηλαδὴ
564 1418 598 1481 τῇ
612 1411 777 1485 παπηλασίᾳ
791 1427 825 1464 ex
842 1414 904 1465 πολ.
918 1430 949 1466 ιο
963 1410 1012 1465 παὶ
1026 1415 1099 1468 λευκ.

85 1481 178 1555 λάβρῳ
201 1481 392 1552 ἀφριζομένης
417 1481 525 1552 δηλαδὴ
548 1489 582 1553 τῇ
604 1484 770 1556 κωπηλασίῳ
793 1479 868 1555 irrui
892 1483 974 1555 βιαίῳ
995 1481 1100 1555 ἀνέμῳ.

87 1555 163 1620 Quae
183 1555 343 1608 correctura
362 1557 390 1607 et
403 1571 458 1623 per
477 1570 507 1607 se
526 1569 663 1622 apparere
681 1552 794 1607 videtur
816 1561 846 1607 et
863 1553 992 1623 firmetur
1010 1554 1049 1623 gl.
1066 1556 1097 1611 V.

158 1626 215 1679 sch.
232 1630 282 1679 139
303 1624 404 1694 scripsi
427 1619 529 1694 ἑκάστη
552 1623 623 1694 γυνὴ
645 1623 746 1692 Περσίς
767 1624 817 1678 τὸν
840 1617 942 1693 ἕαυιης
961 1626 1101 1694 εὐνατῆρα

86 1695 247 1823 iiiii?
260 1694 1100 1835 ittilltlltlutlttllllltlllltltlfflll‘ll’

84 1857 135 1908 pro
150 1788 270 1907 έκάσιέέ.
282 1880 287 1892 .
299 1789 392 1908 ἄνδρρά
411 1835 639 1908 ἀποπεμψαμένη
654 1833 685 1892 έν
706 1835 789 1909 πόθῳ
809 1787 954 1910 φμιλσένὸρῳ
970 1788 1099 1905 (είςὲἀάέ

85 1911 148 1974 Dd.,
166 1906 197 1964 έν
215 1909 299 1982 πόθῳ
314 1914 371 1979 φιλ.
388 1927 441 1964 om.
456 1911 542 1978 vulgo
558 1911 592 1975 H,
611 1910 663 1963 rot.
679 1911 736 1963 sch.
752 1925 806 1962 om.
823 1909 857 1975 V)
876 1908 926 1963 τὸν
945 1907 1100 1979 αίγμήεντα

84 1985 194 2050 θοῦρον
218 1981 267 2036 καλ
289 1981 441 2050 πολεμικὸν
464 1982 590 2036 λείπεται
613 1979 683 2049 αὐτὴ
707 1988 757 2034 τοῦ
785 1984 884 2034 λοιποῦ
908 1979 1027 2050 μονόζυξ
1051 1981 1100 2036 καὶ

87 2051 166 2122 μόνη.
194 2053 266 2106 Nam
280 2053 367 2106 verbu
382 2049 413 2108 έν
426 2051 510 2126 πόθῳ
524 2051 670 2126 φιλάνδρῳ
685 2069 746 2106 cum
763 2054 887 2106 λείπεται
903 2051 1100 2122 coniungenda

85 2141 147 2179 esse
166 2124 347 2178 manifestum
368 2125 418 2178 ert.

156 2195 214 2250 sch.
236 2201 303 2250 1017
324 2194 424 2265 scripsi
445 2193 607 2264 πέπληγμαι
630 2193 678 2248 παλ
701 2192 840 2264 κόπτομαι
863 2195 912 2249 ιιαλ
930 2198 1029 2265 θρηνῶ
1048 2211 1099 2265 pro

85 2270 225 2338 πόπτομαι
243 2265 292 2320 καὶ
310 2263 471 2336 πέπληγμαι
488 2267 537 2349 καί
552 2270 659 2348 θρηνῷ.
698 2265 768 2348 Num
784 2282 839 2320 vox
851 2264 1012 2336 πέπληγμαι
1027 2284 1099 2335 quae

84 2336 981 2479 lilintillllllll{illitatilnditilultlt
995 2339 1100 2478 till

84 2497 176 2549 neque
196 2479 346 2549 quisquam
365 2479 449 2534 aliter
467 2496 572 2550 ponere
593 2479 688 2548 putuit
711 2478 766 2532 uisi
784 2478 925 2534 librarius,
963 2479 1100 2534 Similiter

84 2551 189 2606 lemma
212 2550 314 2607 scholii
337 2557 371 2606 86
395 2550 586 2621 δουρικλύτοις
609 2546 641 2605 di
659 2551 689 2604 in
707 2550 831 2604 medium
850 2551 936 2606 schol.
955 2550 1097 2621 migravit.

155 2623 292 2677 Ultimum
311 2623 385 2678 addo
404 2623 498 2677 lucum
518 2620 715 2677 difficiliorem.

157 2693 232 2749 Num
251 2694 309 2749 sch.
329 2699 382 2748 524
401 2695 440 2748 sic
459 2692 584 2751 restitui:
604 2691 619 2748 d
640 2713 677 2756 ως
695 2689 723 2747 δ’
742 2689 840 2762 ἐπειδὴ
859 2692 876 2762 ἡ
895 2691 1030 2764 ὑμετέρα,
1048 2701 1098 2748 τοῦ

84 2774 195 2905 pppotb
210 2765 295 2835 φάσις
317 2765 366 2821 καὶ
388 2766 478 2836 κρίσις
500 2763 588 2828 οὕτως
625 2765 746 2836 κόρυσσε,
774 2765 882 2835 δηλαδὴ
909 2762 1028 2837 λέγουσσέ
1051 2785 1099 2836 μοι

87 2859 100 2893 ε
136 2855 172 2892 ασ
196 2858 235 2892 αι.

156 2927 201 2964 vv.
216 2908 259 2963 ll:
279 2905 307 2962 δ’
324 2926 378 2963 om.
393 2908 479 2978 vulgo
498 2907 532 2962 V.
551 2940 585 2948 -
604 2906 622 2977 ἡ
641 2904 761 2978 ὑμετέρα
776 2905 860 2975 φάτις
874 2906 962 2972 οὕτως
975 2903 1025 2962 έπύ
1045 2925 1098 2964 ωσι

83 2980 132 3036 καὶ
154 2981 257 3050 κρίσις,
282 2989 332 3034 τοῦ
355 2987 440 3051 χοροῦ
464 2977 586 3049 δηλαδή,
610 2976 729 3050 λέγουσα
751 2997 799 3049 μοι
817 2978 957 3046 εὔξασθαι
974 2979 1027 3033 Dd.
1063 2979 1098 3046 H,

83 3052 141 3106 nisi
159 3053 234 3122 quod
253 3049 341 3114 οὕτως
358 3053 387 3105 in
407 3051 431 3104 V
451 3057 517 3105 unte
539 3049 558 3120 ἡ
576 3047 711 3120 ὑμετέρα,
733 3051 764 3104 in
785 3049 840 3121 H(
861 3050 890 3105 ui
908 3050 926 3121 ἡ
946 3055 1011 3118 om.)
1032 3052 1097 3105 ante

82 3124 213 3250 ῳγιετέῳα.
234 3154 266 3248 ἶ
287 3119 549 3261 γγῦἒλμῳῳέραγῳῳέτγς
566 3121 616 3176 παλ
634 3123 724 3192 κρίσις
742 3119 830 3185 οὕτως
841 3068 970 3192 ίέιιιλρασε
989 3121 1097 3192 δηλαδὴ

99 3216 163 3250 εσυ
183 3216 202 3249 α
258 3214 268 3247 ι
337 3215 355 3248 α
397 3214 427 3248 αι
464 3214 475 3247 ι
536 3235 541 3247 .

113 3217 128 3266 γ
155 3213 280 3320 prinpum
300 3284 314 3320 e
334 3265 420 3320 schol.
436 3265 464 3319 M
483 3211 598 3334 dgdpuu
616 3265 706 3334 κρίσις
724 3263 742 3334 ἡ
760 3261 880 3334 λέγουσοί
896 3284 943 3334 μοι
957 3263 1098 3330 εὔξασθαι

84 3339 114 3393 et
132 3356 147 3393 e
166 3338 204 3408 gl.
219 3337 244 3391 V
258 3341 310 3391 405
330 3335 467 3407 λέγουσαν
491 3334 621 3406 δηλονότι
645 3352 729 3405 super
751 3335 821 3409 βοὴν
844 3335 950 3405 scripto
979 3337 1099 3406 apparet

82 3409 136 3464 hoc
151 3407 260 3464 scholio
274 3407 384 3491 δηλαδὴ
398 3424 461 3462 cum
471 3405 590 3478 λέγουσα
600 3405 827 3476 coniungeudum
837 3423 907 3474 esse,
921 3405 1098 3462 Dindorfium

82 3483 179 3535 autem
202 3497 351 3550 perperam
373 3480 590 3548 mterpuuxisse.
628 3477 701 3533 Tum
723 3478 904 3548 perspicuum
922 3479 992 3548 puto
1012 3477 1099 3533 verba

82 3550 167 3622 φάσις
185 3550 235 3607 παλ
253 3553 342 3622 κρίσις
359 3567 416 3605 non
435 3550 593 3621 separanda
611 3565 681 3618 esse,
699 3549 729 3604 id
748 3549 825 3620 quod
842 3546 1023 3604 semiustus
1036 3548 1115 3598 ussi

137 3669 223 3712 Somou.
236 3679 264 3710 ru
276 3667 367 3712 Arrun.
381 3670 451 3714 Pras.
465 3669 501 3714 ed
516 3669 707 3715 Dillrnlrurdt.
948 3668 970 3706 Q
