<?xml version="1.0" encoding="UTF-8"?>
<!DOCTYPE html PUBLIC "-//W3C//DTD XHTML 1.0 Transitional//EN"
    "http://www.w3.org/TR/xhtml1/DTD/xhtml1-transitional.dtd">
<html xmlns="http://www.w3.org/1999/xhtml" xml:lang="en" lang="en">
 <head>
  <title>
</title>
<meta http-equiv="Content-Type" content="text/html;charset=utf-8" />
  <meta name='ocr-system' content='tesseract 3.04.00' />
  <meta name='ocr-capabilities' content='ocr_page ocr_carea ocr_par ocr_line ocrx_word'/>
</head>
<body>
  <div class='ocr_page' id='page_1' title='image "./scholiainaeschy01dhgoog_0202.png"; bbox 0 0 2430 3856; ppageno 0'>
   <div class='ocr_carea' id='block_1_1' title="bbox 479 165 739 219">
    <p class='ocr_par' dir='ltr' id='par_1_1' title="bbox 479 165 739 219">
     <span class='ocr_line' id='line_1_1' title="bbox 479 165 739 219; baseline 0.019 -6"><span class='ocrx_word' id='word_1_1' title='bbox 479 165 518 214; x_wconf 89' lang='lat' dir='ltr'><strong><em>IN</em></strong></span> <span class='ocrx_word' id='word_1_2' title='bbox 537 165 569 216; x_wconf 90' lang='lat' dir='ltr'><strong>V.</strong></span> <span class='ocrx_word' id='word_1_3' title='bbox 590 166 739 219; x_wconf 77' lang='lat'><strong>388-395.</strong></span> 
     </span>
    </p>
   </div>
   <div class='ocr_carea' id='block_1_2' title="bbox 94 323 580 498">
    <p class='ocr_par' dir='ltr' id='par_1_2' title="bbox 94 323 580 498">
     <span class='ocr_line' id='line_1_2' title="bbox 94 323 580 411; baseline -0.004 -21"><span class='ocrx_word' id='word_1_4' title='bbox 94 323 310 411; x_wconf 75' lang='grc' dir='ltr'><strong><em>παρέτρεχεν,</em></strong></span> <span class='ocrx_word' id='word_1_5' title='bbox 318 323 481 409; x_wconf 81' lang='grc' dir='ltr'><strong><em>ὑπεχώρει</em></strong></span> <span class='ocrx_word' id='word_1_6' title='bbox 489 324 580 389; x_wconf 89' lang='grc' dir='ltr'><strong><em>Η.-</em></strong></span> 
     </span>
     <span class='ocr_line' id='line_1_3' title="bbox 95 429 295 498; baseline 0.01 -2"><span class='ocrx_word' id='word_1_7' title='bbox 95 435 172 498; x_wconf 81' lang='grc' dir='ltr'><strong><em>λίαν</em></strong></span> <span class='ocrx_word' id='word_1_8' title='bbox 190 429 233 498; x_wconf 91' lang='lat' dir='ltr'><strong>V.</strong></span> <span class='ocrx_word' id='word_1_9' title='bbox 253 468 295 480; x_wconf 90' lang='lat'>-</span> 
     </span>
    </p>
   </div>
   <div class='ocr_carea' id='block_1_3' title="bbox 97 963 584 1458">
    <p class='ocr_par' dir='ltr' id='par_1_3' title="bbox 97 963 584 1458">
     <span class='ocr_line' id='line_1_4' title="bbox 97 963 581 1047; baseline -0.01 -14"><span class='ocrx_word' id='word_1_10' title='bbox 97 967 162 1033; x_wconf 82' lang='lat'><strong><em>388</em></strong></span> <span class='ocrx_word' id='word_1_11' title='bbox 197 963 328 1046; x_wconf 76' lang='grc' dir='ltr'><strong><em>ἔξοδον,</em></strong></span> <span class='ocrx_word' id='word_1_12' title='bbox 363 963 514 1047; x_wconf 77' lang='grc' dir='ltr'><strong><em>ἐκφυγὴν</em></strong></span> <span class='ocrx_word' id='word_1_13' title='bbox 543 963 581 1028; x_wconf 88' lang='lat' dir='ltr'><strong><em>V.</em></strong></span> 
     </span>
     <span class='ocr_line' id='line_1_5' title="bbox 98 1068 582 1154; baseline -0.008 -16"><span class='ocrx_word' id='word_1_14' title='bbox 98 1071 218 1151; x_wconf 76' lang='grc' dir='ltr'><strong><em>ἔξοδον</em></strong></span> <span class='ocrx_word' id='word_1_15' title='bbox 241 1068 297 1136; x_wconf 82' lang='grc' dir='ltr'><strong><em>καὶ</em></strong></span> <span class='ocrx_word' id='word_1_16' title='bbox 320 1071 434 1154; x_wconf 74' lang='grc' dir='ltr'><strong><em>φυγὴν</em></strong></span> <span class='ocrx_word' id='word_1_17' title='bbox 453 1070 494 1134; x_wconf 90' lang='grc' dir='ltr'><strong><em>Η.</em></strong></span> <span class='ocrx_word' id='word_1_18' title='bbox 533 1072 582 1134; x_wconf 83' lang='grc' dir='ltr'><strong><em>ἕκ-</em></strong></span> 
     </span>
     <span class='ocr_line' id='line_1_6' title="bbox 98 1176 584 1260; baseline -0.008 -16"><span class='ocrx_word' id='word_1_19' title='bbox 98 1184 240 1244; x_wconf 82' lang='grc' dir='ltr'><strong><em>πλενσιν</em></strong></span> <span class='ocrx_word' id='word_1_20' title='bbox 253 1176 359 1242; x_wconf 81' lang='lat' dir='ltr'><strong>BGL.</strong></span> <span class='ocrx_word' id='word_1_21' title='bbox 371 1215 413 1224; x_wconf 93' lang='lat'>-</span> <span class='ocrx_word' id='word_1_22' title='bbox 428 1176 584 1260; x_wconf 76' lang='grc' dir='ltr'><em>οὐδαμῶς</em></span> 
     </span>
     <span class='ocr_line' id='line_1_7' title="bbox 97 1281 580 1369; baseline -0.008 -19"><span class='ocrx_word' id='word_1_23' title='bbox 97 1288 132 1350; x_wconf 89' lang='lat' dir='ltr'><strong><em>in</em></strong></span> <span class='ocrx_word' id='word_1_24' title='bbox 174 1289 255 1350; x_wconf 86' lang='lat' dir='ltr'><strong>text.</strong></span> <span class='ocrx_word' id='word_1_25' title='bbox 290 1281 320 1348; x_wconf 90' lang='lat' dir='ltr'>V</span> <span class='ocrx_word' id='word_1_26' title='bbox 357 1283 498 1369; x_wconf 75' lang='lat' dir='ltr'><strong>irrepsit.</strong></span> <span class='ocrx_word' id='word_1_27' title='bbox 544 1321 580 1330; x_wconf 99' lang='lat'><em>-</em></span> 
     </span>
     <span class='ocr_line' id='line_1_8' title="bbox 99 1388 583 1458; baseline 0 -2"><span class='ocrx_word' id='word_1_28' title='bbox 99 1390 204 1458; x_wconf 74' lang='grc' dir='ltr'><strong><em>ἐποίει</em></strong></span> <span class='ocrx_word' id='word_1_29' title='bbox 230 1388 411 1455; x_wconf 81' lang='lat' dir='ltr'><strong>VHBGL.</strong></span> <span class='ocrx_word' id='word_1_30' title='bbox 441 1427 486 1437; x_wconf 91' lang='lat'>—</span> <span class='ocrx_word' id='word_1_31' title='bbox 518 1391 583 1456; x_wconf 84' lang='lat'><strong><em>389</em></strong></span> 
     </span>
    </p>
   </div>
   <div class='ocr_carea' id='block_1_4' title="bbox 99 1491 584 1583">
    <p class='ocr_par' dir='ltr' id='par_1_4' title="bbox 99 1491 584 1583">
     <span class='ocr_line' id='line_1_9' title="bbox 99 1491 584 1583; baseline 0 -21"><span class='ocrx_word' id='word_1_32' title='bbox 99 1496 157 1583; x_wconf 77' lang='grc' dir='ltr'><strong><em>ἀφ’</em></strong></span> <span class='ocrx_word' id='word_1_33' title='bbox 182 1491 224 1562; x_wconf 88' lang='grc' dir='ltr'><strong><em>οὗ</em></strong></span> <span class='ocrx_word' id='word_1_34' title='bbox 239 1496 278 1562; x_wconf 92' lang='lat' dir='ltr'><strong>V.</strong></span> <span class='ocrx_word' id='word_1_35' title='bbox 303 1535 338 1545; x_wconf 97' lang='lat'>-</span> <span class='ocrx_word' id='word_1_36' title='bbox 363 1498 429 1563; x_wconf 81' lang='lat'><strong><em>390</em></strong></span> <span class='ocrx_word' id='word_1_37' title='bbox 448 1496 584 1581; x_wconf 80' lang='grc' dir='ltr'><em>ἐκράτη-</em></span> 
     </span>
    </p>
   </div>
   <div class='ocr_carea' id='block_1_5' title="bbox 638 962 996 1055">
    <p class='ocr_par' dir='ltr' id='par_1_5' title="bbox 638 962 996 1055">
     <span class='ocr_line' id='line_1_10' title="bbox 638 962 996 1055; baseline 0.006 -25"><span class='ocrx_word' id='word_1_38' title='bbox 638 965 702 1031; x_wconf 87' lang='grc'><strong><em>388</em></strong></span> <span class='ocrx_word' id='word_1_39' title='bbox 728 964 771 1042; x_wconf 75' lang='grc' dir='ltr'><strong><em>ὡς</em></strong></span> <span class='ocrx_word' id='word_1_40' title='bbox 795 962 941 1055; x_wconf 76' lang='grc' dir='ltr'><strong><em>ᾠόμεθα.</em></strong></span> <span class='ocrx_word' id='word_1_41' title='bbox 959 1005 996 1013; x_wconf 94' lang='grc'>-</span> 
     </span>
    </p>
   </div>
   <div class='ocr_carea' id='block_1_6' title="bbox 99 1603 660 1689">
    <p class='ocr_par' dir='ltr' id='par_1_6' title="bbox 99 1603 660 1689">
     <span class='ocr_line' id='line_1_11' title="bbox 99 1603 660 1689; baseline -0.005 -19"><span class='ocrx_word' id='word_1_42' title='bbox 99 1621 158 1670; x_wconf 85' lang='grc' dir='ltr'><strong><em>σεν</em></strong></span> <span class='ocrx_word' id='word_1_43' title='bbox 181 1603 223 1670; x_wconf 88' lang='lat' dir='ltr'><strong><em>V.</em></strong></span> <span class='ocrx_word' id='word_1_44' title='bbox 247 1642 289 1650; x_wconf 95' lang='lat'><em>-</em></span> <span class='ocrx_word' id='word_1_45' title='bbox 322 1604 455 1689; x_wconf 78' lang='grc' dir='ltr'><strong><em>λαμπρὰ</em></strong></span> <span class='ocrx_word' id='word_1_46' title='bbox 479 1604 517 1668; x_wconf 93' lang='lat' dir='ltr'><strong><em>V.</em></strong></span> <span class='ocrx_word' id='word_1_47' title='bbox 543 1642 584 1650; x_wconf 93' lang='lat'>—</span> <span class='ocrx_word' id='word_1_48' title='bbox 657 1620 660 1625; x_wconf 86' lang='grc'><em>·</em></span> 
     </span>
    </p>
   </div>
   <div class='ocr_carea' id='block_1_7' title="bbox 93 1710 589 3609">
    <p class='ocr_par' dir='ltr' id='par_1_7' title="bbox 93 1710 589 3609">
     <span class='ocr_line' id='line_1_12' title="bbox 100 1710 584 1792; baseline 0.004 -16"><span class='ocrx_word' id='word_1_49' title='bbox 100 1712 201 1792; x_wconf 78' lang='grc' dir='ltr'><strong><em>ἰδεῖν]</em></strong></span> <span class='ocrx_word' id='word_1_50' title='bbox 227 1710 315 1777; x_wconf 79' lang='grc' dir='ltr'><strong><em>ὥστε.</em></strong></span> <span class='ocrx_word' id='word_1_51' title='bbox 334 1710 374 1776; x_wconf 94' lang='lat' dir='ltr'><strong>V.</strong></span> <span class='ocrx_word' id='word_1_52' title='bbox 412 1713 459 1788; x_wconf 82' lang='grc' dir='ltr'><strong><em>εἰς</em></strong></span> <span class='ocrx_word' id='word_1_53' title='bbox 482 1713 520 1776; x_wconf 86' lang='grc' dir='ltr'><strong><em>τὸ</em></strong></span> <span class='ocrx_word' id='word_1_54' title='bbox 543 1711 584 1778; x_wconf 89' lang='grc' dir='ltr'><strong><em>Η.</em></strong></span> 
     </span>
     <span class='ocr_line' id='line_1_13' title="bbox 100 1815 585 1899; baseline 0.006 -19"><span class='ocrx_word' id='word_1_55' title='bbox 100 1855 144 1864; x_wconf 90' lang='grc'><strong>-</strong></span> <span class='ocrx_word' id='word_1_56' title='bbox 169 1817 276 1899; x_wconf 75' lang='grc' dir='ltr'><strong><em>αὐτὴν</em></strong></span> <span class='ocrx_word' id='word_1_57' title='bbox 300 1815 339 1881; x_wconf 89' lang='lat' dir='ltr'><strong><em>V.</em></strong></span> <span class='ocrx_word' id='word_1_58' title='bbox 366 1854 404 1863; x_wconf 94' lang='lat'>-</span> <span class='ocrx_word' id='word_1_59' title='bbox 430 1818 494 1882; x_wconf 87' lang='lat'><strong><em>391</em></strong></span> <span class='ocrx_word' id='word_1_60' title='bbox 521 1820 585 1883; x_wconf 86' lang='grc' dir='ltr'><strong><em>σὺν</em></strong></span> 
     </span>
     <span class='ocr_line' id='line_1_14' title="bbox 100 1923 585 2009; baseline 0.002 -20"><span class='ocrx_word' id='word_1_61' title='bbox 100 1932 230 2009; x_wconf 75' lang='grc' dir='ltr'><strong><em>κραυγῇ</em></strong></span> <span class='ocrx_word' id='word_1_62' title='bbox 250 1923 290 1988; x_wconf 88' lang='lat' dir='ltr'><strong><em>V.</em></strong></span> <span class='ocrx_word' id='word_1_63' title='bbox 316 1961 354 1970; x_wconf 95' lang='lat'>—</span> <span class='ocrx_word' id='word_1_64' title='bbox 380 1927 531 2009; x_wconf 77' lang='grc' dir='ltr'><em>θόρυβος</em></span> <span class='ocrx_word' id='word_1_65' title='bbox 545 1924 585 1991; x_wconf 94' lang='lat' dir='ltr'><strong>V.</strong></span> 
     </span>
     <span class='ocr_line' id='line_1_15' title="bbox 103 2029 585 2116; baseline 0 -21"><span class='ocrx_word' id='word_1_66' title='bbox 103 2029 121 2095; x_wconf 85' lang='grc' dir='ltr'>ὁ</span> <span class='ocrx_word' id='word_1_67' title='bbox 144 2030 185 2096; x_wconf 91' lang='grc' dir='ltr'><strong><em>Η.</em></strong></span> <span class='ocrx_word' id='word_1_68' title='bbox 213 2068 251 2077; x_wconf 95' lang='grc'>-</span> <span class='ocrx_word' id='word_1_69' title='bbox 276 2032 366 2116; x_wconf 79' lang='grc' dir='ltr'><strong><em>παρὰ</em></strong></span> <span class='ocrx_word' id='word_1_70' title='bbox 390 2042 457 2095; x_wconf 83' lang='grc' dir='ltr'><strong><em>τῶν</em></strong></span> <span class='ocrx_word' id='word_1_71' title='bbox 476 2030 518 2095; x_wconf 92' lang='grc' dir='ltr'><strong><em>Η.</em></strong></span> <span class='ocrx_word' id='word_1_72' title='bbox 543 2069 585 2078; x_wconf 94' lang='grc'>-</span> 
     </span>
     <span class='ocr_line' id='line_1_16' title="bbox 102 2136 586 2222; baseline -0.002 -19"><span class='ocrx_word' id='word_1_73' title='bbox 102 2139 167 2204; x_wconf 82' lang='lat'><strong><em>392</em></strong></span> <span class='ocrx_word' id='word_1_74' title='bbox 184 2137 371 2222; x_wconf 75' lang='grc' dir='ltr'><strong>μολπηδὸν]</strong></span> <span class='ocrx_word' id='word_1_75' title='bbox 388 2136 586 2222; x_wconf 61' lang='grc' dir='ltr'><strong><em>ἐξαίφνηςν</em></strong></span> 
     </span>
     <span class='ocr_line' id='line_1_17' title="bbox 101 2243 586 2330; baseline 0.002 -21"><span class='ocrx_word' id='word_1_76' title='bbox 101 2243 259 2328; x_wconf 80' lang='lat' dir='ltr'><strong>(pertinet</strong></span> <span class='ocrx_word' id='word_1_77' title='bbox 268 2244 308 2308; x_wconf 82' lang='lat' dir='ltr'><strong><em>ad</em></strong></span> <span class='ocrx_word' id='word_1_78' title='bbox 318 2243 586 2330; x_wconf 71' lang='grc' dir='ltr'><strong><em>πρῶτονα391).</em></strong></span> 
     </span>
     <span class='ocr_line' id='line_1_18' title="bbox 102 2350 587 2437; baseline 0 -21"><span class='ocrx_word' id='word_1_79' title='bbox 102 2351 182 2434; x_wconf 80' lang='grc' dir='ltr'><strong><em>μετὰ</em></strong></span> <span class='ocrx_word' id='word_1_80' title='bbox 213 2352 294 2434; x_wconf 80' lang='grc' dir='ltr'>βοῆς</span> <span class='ocrx_word' id='word_1_81' title='bbox 316 2350 358 2415; x_wconf 92' lang='grc' dir='ltr'><strong><em>Η.</em></strong></span> <span class='ocrx_word' id='word_1_82' title='bbox 389 2387 428 2398; x_wconf 93' lang='lat'>-</span> <span class='ocrx_word' id='word_1_83' title='bbox 462 2352 587 2437; x_wconf 70' lang='grc' dir='ltr'><strong><em>ἤχησεν</em></strong></span> 
     </span>
     <span class='ocr_line' id='line_1_19' title="bbox 102 2455 583 2541; baseline -0.004 -19"><span class='ocrx_word' id='word_1_84' title='bbox 102 2455 179 2536; x_wconf 84' lang='lat' dir='ltr'><strong><em>VL,</em></strong></span> <span class='ocrx_word' id='word_1_85' title='bbox 220 2455 360 2541; x_wconf 83' lang='grc' dir='ltr'><strong><em>ἐβόησεν</em></strong></span> <span class='ocrx_word' id='word_1_86' title='bbox 388 2457 459 2522; x_wconf 85' lang='lat' dir='ltr'><strong>add.</strong></span> <span class='ocrx_word' id='word_1_87' title='bbox 482 2457 519 2522; x_wconf 87' lang='lat' dir='ltr'><strong><em>L.</em></strong></span> <span class='ocrx_word' id='word_1_88' title='bbox 545 2495 583 2505; x_wconf 87' lang='lat'><strong><em>-—</em></strong></span> 
     </span>
     <span class='ocr_line' id='line_1_20' title="bbox 93 2561 586 2647; baseline 0.002 -19"><span class='ocrx_word' id='word_1_89' title='bbox 93 2565 148 2643; x_wconf 81' lang='grc' dir='ltr'><strong><em>εἰς</em></strong></span> <span class='ocrx_word' id='word_1_90' title='bbox 185 2563 273 2642; x_wconf 74' lang='grc' dir='ltr'><strong><em>ὕψος</em></strong></span> <span class='ocrx_word' id='word_1_91' title='bbox 295 2561 335 2629; x_wconf 93' lang='lat' dir='ltr'><strong><em>V.</em></strong></span> <span class='ocrx_word' id='word_1_92' title='bbox 385 2563 521 2647; x_wconf 73' lang='grc' dir='ltr'><strong><em>ὑψηλὸν·</em></strong></span> <span class='ocrx_word' id='word_1_93' title='bbox 545 2564 586 2629; x_wconf 91' lang='grc' dir='ltr'><strong><em>Η.</em></strong></span> 
     </span>
     <span class='ocr_line' id='line_1_21' title="bbox 105 2669 586 2758; baseline 0.002 -24"><span class='ocrx_word' id='word_1_94' title='bbox 105 2709 142 2718; x_wconf 93' lang='lat'>-</span> <span class='ocrx_word' id='word_1_95' title='bbox 174 2669 211 2735; x_wconf 78' lang='grc' dir='ltr'><strong><em>ἐν</em></strong></span> <span class='ocrx_word' id='word_1_96' title='bbox 241 2669 349 2758; x_wconf 76' lang='grc' dir='ltr'><strong><em>ταύτῷ</em></strong></span> <span class='ocrx_word' id='word_1_97' title='bbox 374 2670 413 2735; x_wconf 92' lang='lat' dir='ltr'><strong><em>V.</em></strong></span> <span class='ocrx_word' id='word_1_98' title='bbox 447 2707 485 2716; x_wconf 91' lang='lat'>-</span> <span class='ocrx_word' id='word_1_99' title='bbox 521 2671 586 2735; x_wconf 87' lang='lat'><strong><em>393</em></strong></span> 
     </span>
     <span class='ocr_line' id='line_1_22' title="bbox 103 2775 586 2863; baseline 0.002 -22"><span class='ocrx_word' id='word_1_100' title='bbox 103 2777 237 2862; x_wconf 80' lang='grc' dir='ltr'><strong><em>ἀντήχει</em></strong></span> <span class='ocrx_word' id='word_1_101' title='bbox 259 2775 299 2841; x_wconf 96' lang='lat' dir='ltr'><strong>V.</strong></span> <span class='ocrx_word' id='word_1_102' title='bbox 336 2775 521 2863; x_wconf 77' lang='grc' dir='ltr'><strong><em>ἄντήχησεν</em></strong></span> <span class='ocrx_word' id='word_1_103' title='bbox 544 2777 586 2843; x_wconf 92' lang='grc' dir='ltr'><strong><em>Η.</em></strong></span> 
     </span>
     <span class='ocr_line' id='line_1_23' title="bbox 104 2881 586 2972; baseline 0.002 -24"><span class='ocrx_word' id='word_1_104' title='bbox 104 2921 146 2930; x_wconf 94' lang='grc'>-</span> <span class='ocrx_word' id='word_1_105' title='bbox 170 2890 217 2970; x_wconf 77' lang='grc' dir='ltr'><strong><em>τῷ</em></strong></span> <span class='ocrx_word' id='word_1_106' title='bbox 242 2892 308 2948; x_wconf 80' lang='grc' dir='ltr'><strong><em>τῶν</em></strong></span> <span class='ocrx_word' id='word_1_107' title='bbox 328 2881 496 2966; x_wconf 76' lang='grc' dir='ltr'><strong><em>Ἑλλήνων</em></strong></span> <span class='ocrx_word' id='word_1_108' title='bbox 517 2885 586 2972; x_wconf 71' lang='grc' dir='ltr'><strong><em>ἤχῳ</em></strong></span> 
     </span>
     <span class='ocr_line' id='line_1_24' title="bbox 103 2989 586 3075; baseline 0.004 -22"><span class='ocrx_word' id='word_1_109' title='bbox 103 2989 187 3074; x_wconf 78' lang='grc' dir='ltr'>(ἠχῶ</span> <span class='ocrx_word' id='word_1_110' title='bbox 216 2989 255 3073; x_wconf 85' lang='lat' dir='ltr'><strong><em>L)</em></strong></span> <span class='ocrx_word' id='word_1_111' title='bbox 294 2989 456 3075; x_wconf 77' lang='grc' dir='ltr'><em>ἀντήχησε</em></span> <span class='ocrx_word' id='word_1_112' title='bbox 491 2990 586 3055; x_wconf 79' lang='lat' dir='ltr'><strong><em>BGL</em></strong></span> 
     </span>
     <span class='ocr_line' id='line_1_25' title="bbox 102 3095 587 3182; baseline 0.004 -21"><span class='ocrx_word' id='word_1_113' title='bbox 102 3095 177 3182; x_wconf 88' lang='lat' dir='ltr'>(pro</span> <span class='ocrx_word' id='word_1_114' title='bbox 202 3096 379 3181; x_wconf 75' lang='grc' dir='ltr'><strong><em>ἀντήχησεε</em></strong></span> <span class='ocrx_word' id='word_1_115' title='bbox 406 3097 491 3180; x_wconf 86' lang='grc' dir='ltr'>ὁμοῦ</span> <span class='ocrx_word' id='word_1_116' title='bbox 515 3097 587 3181; x_wconf 79' lang='grc' dir='ltr'>ἐβό-</span> 
     </span>
     <span class='ocr_line' id='line_1_26' title="bbox 102 3199 586 3290; baseline 0.002 -21"><span class='ocrx_word' id='word_1_117' title='bbox 102 3220 196 3287; x_wconf 81' lang='grc' dir='ltr'><strong><em>ησεν,</em></strong></span> <span class='ocrx_word' id='word_1_118' title='bbox 211 3204 336 3287; x_wconf 69' lang='grc' dir='ltr'><strong><em>ἤχησεν</em></strong></span> <span class='ocrx_word' id='word_1_119' title='bbox 351 3199 401 3290; x_wconf 80' lang='lat' dir='ltr'><strong>L).</strong></span> <span class='ocrx_word' id='word_1_120' title='bbox 416 3241 458 3251; x_wconf 90' lang='lat'>—</span> <span class='ocrx_word' id='word_1_121' title='bbox 478 3214 535 3288; x_wconf 77' lang='grc' dir='ltr'><strong><em>τῆς</em></strong></span> <span class='ocrx_word' id='word_1_122' title='bbox 550 3205 586 3270; x_wconf 81' lang='grc' dir='ltr'><strong><em>ἐν</em></strong></span> 
     </span>
     <span class='ocr_line' id='line_1_27' title="bbox 102 3309 587 3396; baseline 0.004 -22"><span class='ocrx_word' id='word_1_123' title='bbox 102 3318 142 3394; x_wconf 76' lang='grc' dir='ltr'><strong><em>τῇ</em></strong></span> <span class='ocrx_word' id='word_1_124' title='bbox 170 3311 262 3396; x_wconf 77' lang='grc' dir='ltr'><strong><em>νήσῳ</em></strong></span> <span class='ocrx_word' id='word_1_125' title='bbox 286 3309 327 3375; x_wconf 93' lang='lat' dir='ltr'><strong>V.</strong></span> <span class='ocrx_word' id='word_1_126' title='bbox 356 3346 398 3357; x_wconf 99' lang='lat'>-</span> <span class='ocrx_word' id='word_1_127' title='bbox 433 3312 499 3376; x_wconf 86' lang='lat'><strong><em>395</em></strong></span> <span class='ocrx_word' id='word_1_128' title='bbox 531 3310 587 3376; x_wconf 80' lang='grc' dir='ltr'><strong><em>καὶ</em></strong></span> 
     </span>
     <span class='ocr_line' id='line_1_28' title="bbox 103 3415 585 3503; baseline 0.002 -21"><span class='ocrx_word' id='word_1_129' title='bbox 103 3415 300 3503; x_wconf 79' lang='grc' dir='ltr'><strong><em>εὐανδρείας</em></strong></span> <span class='ocrx_word' id='word_1_130' title='bbox 318 3415 357 3483; x_wconf 91' lang='lat' dir='ltr'><strong>V.</strong></span> <span class='ocrx_word' id='word_1_131' title='bbox 382 3455 424 3463; x_wconf 95' lang='lat'>-</span> <span class='ocrx_word' id='word_1_132' title='bbox 449 3416 585 3502; x_wconf 71' lang='grc' dir='ltr'><strong><em>ἄνασσα]</em></strong></span> 
     </span>
     <span class='ocr_line' id='line_1_29' title="bbox 103 3521 589 3609; baseline 0.014 -23"><span class='ocrx_word' id='word_1_133' title='bbox 103 3532 174 3598; x_wconf 79' lang='grc' dir='ltr'><strong><em>τοῖς</em></strong></span> <span class='ocrx_word' id='word_1_134' title='bbox 184 3523 376 3609; x_wconf 79' lang='lat' dir='ltr'><strong>superquod</strong></span> <span class='ocrx_word' id='word_1_135' title='bbox 387 3521 589 3593; x_wconf 78' lang='grc' dir='ltr'><strong><em>ἐκπεσοῦσιν</em></strong></span> 
     </span>
    </p>
   </div>
   <div class='ocr_carea' id='block_1_8' title="bbox 149 3625 1017 3690">
    <p class='ocr_par' dir='ltr' id='par_1_8' title="bbox 149 3625 1017 3690">
     <span class='ocr_line' id='line_1_30' title="bbox 149 3625 1017 3690; baseline 0.021 -16"><span class='ocrx_word' id='word_1_136' title='bbox 149 3634 239 3677; x_wconf 68' lang='lat' dir='ltr'><strong>Senon.</strong></span> <span class='ocrx_word' id='word_1_137' title='bbox 253 3647 282 3678; x_wconf 80' lang='grc' dir='ltr'><strong><em>ια</em></strong></span> <span class='ocrx_word' id='word_1_138' title='bbox 294 3637 388 3684; x_wconf 58' lang='lat' dir='ltr'><strong>Asson.</strong></span> <span class='ocrx_word' id='word_1_139' title='bbox 401 3643 479 3687; x_wconf 65' lang='lat' dir='ltr'><strong>Pus.</strong></span> <span class='ocrx_word' id='word_1_140' title='bbox 493 3644 532 3688; x_wconf 83' lang='lat' dir='ltr'><strong>ed.</strong></span> <span class='ocrx_word' id='word_1_141' title='bbox 547 3645 747 3690; x_wconf 64' lang='lat' dir='ltr'><strong>Dthnhmt.</strong></span> <span class='ocrx_word' id='word_1_142' title='bbox 993 3625 1017 3671; x_wconf 50' lang='lat'><strong><em>³³</em></strong></span> 
     </span>
    </p>
   </div>
   <div class='ocr_carea' id='block_1_9' title="bbox 0 0 1228 3856">
    <p class='ocr_par' dir='ltr' id='par_1_9' title="bbox 0 0 1228 3856">
     <span class='ocr_line' id='line_1_31' title="bbox 0 0 1228 3856; baseline 0 0"><span class='ocrx_word' id='word_1_143' title='bbox 0 0 1228 3856; x_wconf 95' lang='lat' dir='ltr'><strong><em> </em></strong></span> 
     </span>
    </p>
   </div>
  </div>
 </body>
</html>
