2430 3856
126 140 193 204 260
510 172 513 180 ι
558 145 717 197 εοΗοτῐΑ

126 305 267 390 ἀγαθῶν
300 302 441 392 ἑταίρων
474 330 531 391 μοι
564 310 709 391 Περσῶν
740 307 1002 393 ὑπομιμνήσκεις
1039 307 1146 392 λέγων

127 409 201 497 ἐμοὶ
223 414 374 498 πρόκακα
396 414 470 495 ἤτοι
501 413 541 477 τὰ
563 417 792 498 προγεγονότα
819 416 912 480 κακοί.
952 414 1147 500 ἢπρόκακα

100 517 203 584 τάντὶ
234 528 294 584 τοῦ
325 519 435 595 ἁπλῶς
464 522 548 585 κακὰ
577 519 683 605 μηθέν
714 544 747 586 τι
770 510 833 606 ’τῆς
860 523 925 607 πρό
952 521 1146 606 προθέσεως

129 628 366 712 σημαινούσης.
407 627 445 691 τὸ
470 625 508 692 δὲ
531 628 657 693 ἄλαστα
684 629 812 711 στυγνὰ
834 625 908 693 ἀντὶ
931 637 992 693 τοῦ
1015 631 1147 714 λυπηρὰ

127 735 184 801 καὶ
207 738 388 818 κατηφείας
411 739 499 798 αίτια
527 736 611 800 κακὰ
639 734 841 819 ἀνεπίληστα
867 733 922 800 καὶ
949 733 1000 800 ἀεὶ
1022 761 1146 822 μνημο-

127 847 299 928 νευόμενα.
336 839 647 929 vulg00(Dd.)VH.
683 840 815 908 Scholia
841 843 1039 908 991-1027
1065 845 1146 909 exci-

128 952 244 1016 derunt
269 971 307 1013 ex
331 949 367 1013 P.

125 1133 141 1180 3
161 1120 263 1195 ἕτέρων
277 1124 304 1178 V
325 1157 359 1165 -
383 1145 430 1195 μοι
450 1126 545 1181 om.V
564 1156 597 1166 —
621 1125 845 1196 ὑπομιμνήσκειν
860 1125 886 1180 V
904 1157 937 1167 —
965 1132 981 1180 6
1000 1125 1106 1196 ἄληστα
1119 1126 1145 1180 V

125 1229 158 1238 -
179 1204 194 1252 7
214 1197 428 1267 μνημονεύοντα
448 1195 470 1250 0

196 1451 261 1515 995
273 1473 342 1534 sqq.
373 1447 429 1514 καὶ
452 1450 519 1534 μὴν
543 1449 624 1514 ἄλλο
647 1472 685 1532 με
708 1455 897 1533 ποθοῦμεν;
920 1446 975 1514 καὶ
998 1451 1064 1534 μην
1085 1471 1143 1514 πο·

127 1563 258 1640 θοῦμεν
282 1555 398 1641 ἕτερόν
420 1582 451 1621 τι
475 1562 600 1641 μαθεῖν
620 1557 680 1621 τὸν
699 1559 945 1642 μυριόνταρχον
963 1567 1031 1622 τῶν
1048 1557 1143 1640 Μόμ-

129 1665 199 1729 ὃων
232 1664 376 1750 ἀνδρῶν.
423 1658 516 1729 οὗτοι
552 1661 589 1728 δὲ
622 1666 724 1740 ἔθνος
755 1664 932 1748 Περσικόν.
978 1662 1143 1750 vulgoDd.
1208 1760 1212 1766 η

127 1769 207 1836 VH.
253 1769 317 1858 (De
341 1770 455 1836 cod.P
479 1771 551 1835 vide
575 1770 717 1836 anteced.
737 1766 850 1857 schol.)

200 1951 216 1999 2
235 1949 343 2001 παθεῖν
362 1945 389 1998 Η
407 1977 441 1987 -
461 1944 650 2017 μνριόταρχον
670 1945 695 1999 Η
714 1977 748 1986 -
767 1945 816 2000 τὸν
836 1944 985 2016 μοίρθονῖ

198 2252 283 2317 1002
316 2253 443 2334 ἔταφον
462 2254 600 2337 ἔταφονι
625 2250 798 2317 ἀπίθανον
818 2251 879 2316 οὐκ
898 2249 951 2316 ἐπὶ
971 2251 1143 2336 ὀχημάτων

129 2363 238 2443 ὄντες,
272 2359 355 2424 ἀλλὰ
383 2356 505 2444 γυμνοὶ
533 2360 782 2442 καθεστηκότες.
828 2359 947 2434 ἄλλως·
977 2356 1051 2444 οὐχὶ
1074 2355 1145 2423 ἑπό-

129 2491 225 2550 μενοι
252 2469 394 2533 όπισθεν
422 2464 459 2531 ἐν
487 2476 624 2549 σκηναῖς
645 2465 875 2550 τροχηλάτοις,
904 2455 978 2530 οἷον
1006 2467 1145 2546 ἔθανον,

129 2574 192 2641 οὐκ
213 2575 425 2658 εὐσχημόνως
449 2569 486 2638 δὲ
509 2572 686 2657 ἐτάφησαν.
718 2576 799 2648 ἔθος
821 2574 885 2656 γὰρ
907 2567 951 2654 ἦν
968 2583 1040 2648 τοῖς
1058 2570 1146 2657 Πέρ-

103 2696 204 2757 δσαις
236 2683 359 2763 σκηνὰς
390 2691 457 2744 τῶν
490 2679 623 2764 ἁμαξῶν
656 2681 791 2744 ἄνωθεν
825 2677 1040 2763 ποιουμένοις
1077 2678 1144 2744 ἑπι-

129 2787 247 2874 φέμειν
270 2787 375 2852 ἐκεῖσε
397 2788 476 2862 τοὺς
498 2789 638 2870 νεκροὺς
656 2783 711 2851 καὶ
731 2785 836 2862 οὕτως
854 2784 977 2862 αὐτοὺς
995 2807 1145 2870 προπομ-

128 2898 287 2972 πεύοντες
311 2896 468 2960 ἔθαπτον.
514 2892 757 2978 vulgodeH.
777 2890 840 2979 (De
859 2893 885 2956 P
904 2916 933 2958 v.
952 2893 971 2958 l.
991 2889 1027 2979 l.)

202 3096 216 3142 1
240 3088 285 3142 bis
309 3086 459 3143 ἀπέθανον
483 3086 613 3157 vulg0H‚
646 3083 797 3141 ἀπέθανον
813 3125 819 3139 .
835 3126 841 3139 .
857 3084 945 3148 ἄλλως
967 3101 1022 3139 om.
1036 3086 1090 3142 Dd.
1110 3118 1143 3127 -

129 3161 156 3217 εί
173 3161 222 3216 καὶ
241 3155 287 3216 ἐπὶ
302 3161 327 3215 V
345 3192 381 3202 —
404 3166 419 3213 3
440 3155 471 3214 ἐν
491 3175 544 3213 om.
559 3158 585 3210 H
609 3189 643 3198 —
667 3156 728 3212 οἷον
753 3156 861 3212 ἔθανον
881 3173 935 3210 om.
954 3156 980 3210 V
999 3189 1032 3196 -
1056 3164 1074 3212 4
1093 3159 1145 3212 οὐκ

128 3231 293 3303 ἀσχημόνως
312 3231 398 3301 vulgo
418 3234 486 3302 (non
505 3231 541 3292 ὡς
559 3230 620 3298 ἀσχ.
639 3231 670 3283 ut
688 3229 741 3284 Dd.
760 3229 836 3296 adn.)
860 3259 893 3268 -
917 3234 933 3282 5
957 3227 1145 3299 ποιουμένους

128 3305 214 3432 ηαῖςο
237 3336 275 3428 1-1-
306 3311 321 3359 6
349 3304 414 3366 τοὺς
442 3298 558 3358 ἐκείνων
586 3301 703 3371 νεκροὺς
727 3301 760 3368 V,
788 3301 853 3362 τοὺς
880 3299 998 3370 νεκροὺς
1025 3296 1144 3356 ἐκείνων

144 3383 218 3432 κεῖσε
