2430 3856
504 184 715 240 PRAEFATIO.
1020 190 1123 241 XLVII

105 343 239 408 deloco
268 343 469 409 interlineari
493 345 526 410 in
554 368 681 411 versum
710 347 862 432 delapsus
890 354 949 415 est.
993 349 1080 417 Nam
1105 375 1124 416 e

101 451 241 516 lectione
264 449 299 515 M

245 595 306 658 τὸν
329 592 542 678 ἐξαμαρτόντ’
570 597 618 671 εἰς
640 597 743 672 θεοὺς
760 597 820 661 τὸν
842 595 977 682 ἡμέροις

246 703 395 786 παρόντα
419 703 513 786 τιμάς

104 866 137 926 et
167 861 364 928 lectionibus
396 863 613 928 recentiorum
647 864 810 948 codicum,
844 866 898 950 qui
931 865 1027 931 modo
1061 869 1123 933 τὸν

102 968 291 1054 ἐφημέροις,
316 970 412 1034 modo
437 966 615 1054 ἐφημέροις
639 971 803 1054 exhibent,
826 973 930 1036 elucet
952 973 1122 1059 archetypi

101 1130 274 1215 scriptura:
302 1131 362 1195 τὸν
390 1126 603 1215 ἐξαμαρτόντ’
631 1132 677 1207 εἰς
704 1134 807 1208 θεοὺς
823 1075 1023 1219 τέάιιχμέροις.
1072 1132 1122 1200 Of.

103 1238 202 1302 etiam
226 1237 270 1322 gl.
295 1235 373 1303 Cho.
394 1238 437 1301 64
461 1239 502 1302 ad
526 1233 571 1302 δι’
597 1237 732 1322 αἵματα]
758 1239 814 1303 διὰ
836 1239 876 1304 τά
899 1240 1029 1325 αἵματα.

167 1362 324 1428 Similiter
359 1363 523 1448 particula
560 1357 598 1427 tit
633 1363 721 1428 haud
753 1386 828 1430 raro
861 1366 894 1430 in
927 1370 1051 1430 textum
1085 1365 1121 1431 M

100 1469 241 1555 irrepsit,
268 1469 359 1535 velut
383 1469 471 1554 Sept.
494 1493 523 1536 v.
543 1471 608 1535 329
632 1479 746 1558 καπνῷ
775 1468 813 1536 δέ
836 1495 895 1556 pro
918 1473 1036 1561 καπνῷ
1062 1479 1121 1555 est,

80 1568 177 1643 ¹Cho.
201 1598 230 1642 v.
252 1577 317 1642 784
340 1580 407 1641 Ζεῦ
431 1579 474 1643 σὺ
502 1574 542 1641 δέ
561 1600 618 1642 νιν
641 1578 827 1661 φυλάσσοις
851 1602 909 1662 pro
933 1575 960 1644 ὧ
984 1585 1051 1644 Ζεῦ
1078 1581 1122 1644 σύ

99 1707 155 1749 νιν
178 1683 379 1769 φυλάσσοις,
406 1683 502 1749 Eum.
525 1708 553 1750 v.
573 1685 692 1769 509sq.
716 1685 850 1768 τλάμων
874 1687 912 1749 (λέ
938 1709 988 1761 τις
1010 1686 1120 1770 μάταν

98 1801 284 1877 παρηγορεῖ
295 1813 354 1875 pro
368 1791 503 1875 τλάμων
520 1791 626 1874 μάταν
640 1801 827 1876 παρηγορεῖ
843 1787 896 1877 (cf.
912 1791 977 1855 sch.
994 1794 1055 1876 ng.
1066 1792 1119 1858 69.

100 1896 210 1981 Suppl.
230 1898 296 1962 620
319 1900 484 1964 λείπειτὸ
507 1896 581 1983 τίς).
619 1896 703 1962 Item
726 1899 761 1962 in
783 1896 815 1962 V
838 1921 867 1963 v.
887 1897 951 1964 243
975 1900 1055 1983 ἔγχη
1081 1893 1119 1963 δὲ

99 2005 248 2071 σταδαῖα.
295 2003 379 2070 Turn
406 2011 445 2070 ut
467 2008 503 2070 in
529 2026 611 2070 rece.
635 2005 728 2070 libris
757 1999 904 2089 eisnper
930 2008 1118 2071 vocativum

98 2111 270 2192 invenitur,
288 2112 335 2176 ita
354 2111 420 2178 seh.
434 2111 469 2177 M
488 2111 582 2177 Eum.
596 2135 626 2178 v.
642 2113 707 2177 670
727 2107 905 2189 villaticis
924 2113 964 2177 ad
979 2114 1121 2190 Παλλάς

100 2218 290 2283 adnotatum
320 2224 384 2303 est,
413 2219 479 2284 seh.
499 2218 533 2283 M
558 2217 636 2285 Oho.
655 2221 698 2284 43
728 2215 819 2303 ὦχῆ
843 2223 949 2305 μήτηρ
976 2221 1015 2284 ad
1038 2231 1119 2304 χαῖα

97 2336 189 2409 μαῖα,
214 2326 279 2390 sch.
298 2325 333 2390 M
353 2324 466 2410 Suppl.
486 2326 527 2391 79
551 2323 623 2391 ἀλλ’
651 2320 677 2390 ὦ
701 2323 831 2409 γενέται
854 2323 931 2390 θεοὶ
956 2327 995 2390 ad
1019 2325 1116 2402 ἀλλά,

88 2429 173 2498 Ιθεοὶ
194 2431 326 2517 γενέται
350 2429 418 2519 (cni
441 2433 627 2498 simillimus
647 2441 696 2497 est
714 2432 803 2498 Pers.
823 2456 851 2496 v.
872 2434 934 2498 631
960 2433 995 2496 in
1013 2432 1045 2497 V
1071 2436 1119 2498 eie

96 2539 253 2604 traditus:
283 2537 354 2604 ἀλλ’
383 2534 409 2605 ὦ
440 2541 576 2624 χθόνιοι
599 2540 757 2624 δαίμονες
778 2561 838 2623 pro
868 2539 951 2604 ἀλλά
981 2541 1119 2622 χθόνιοι

65 2639 72 2656 ’
97 2644 277 2733 δαίμονες).

163 2770 247 2836 Turn
277 2771 363 2856 quod
391 2772 424 2834 in
455 2792 535 2835 rece.
559 2771 650 2835 codd.
678 2770 871 2855 compluries
903 2770 986 2834 ὥστε
1017 2793 1118 2856 supra

96 2877 295 2944 infinitivum
319 2879 476 2962 scriptum
501 2881 534 2941 et
556 2878 590 2942 in
615 2877 680 2942 sch.
701 2877 780 2962 Byz.
804 2899 878 2942 eum
902 2900 940 2943 eo
964 2879 1117 2944 coniunc-

95 2990 166 3050 tum
190 2987 325 3071 legitur:
354 2986 388 3049 in
411 2984 511 3050 Mad
535 2984 624 3049 Pers.
647 3007 675 3049 v.
694 2985 758 3050 251
784 2989 952 3048 exaratum
977 2989 1027 3049 est
1050 2988 1118 3050 λεί-

94 3114 150 3158 πει
165 3092 259 3175 ὥστε,
280 3091 319 3155 ad
335 3089 414 3156 Cho.
428 3113 459 3155 v.
475 3092 516 3157 68
532 3094 637 3156 λείπει
651 3091 688 3156 τὸ
704 3091 798 3175 ὥστε,
813 3091 852 3155 ad
869 3091 963 3156 Eum.
974 3092 1037 3157 159
1047 3114 1118 3176 sqq.

95 3203 201 3265 λείπει
223 3199 261 3264 τὸ
286 3198 339 3275 ὡς.
387 3197 496 3262 Verba
519 3198 613 3262 Eum.
637 3221 666 3263 v.
687 3199 750 3264 166
760 3220 828 3282 sqq.

320 3341 458 3424 πάρεστι
480 3349 540 3424 γᾶς
563 3340 716 3424 ὀμφαλὸν

320 3449 546 3534 προσδρακεῖν
569 3448 718 3532 αἱμάτων

320 3558 489 3643 βλοσυρὸν
513 3555 678 3642 ἀρόμενον
702 3554 783 3638 tyn
806 3555 894 3639 ἔχειν
