2430 3856
473 206 512 256 m
532 206 563 258 V.
583 205 735 256 ενι-τεο.
1050 196 1113 260 165
1157 192 1160 197 ’

95 366 156 431 τὸν
170 365 274 452 χορὸν
287 365 327 432 V.
345 403 381 412 —
399 364 463 432 527
484 369 575 432 ἔλθω
631 365 696 432 527
721 361 881 430 πέλανονε
903 360 1114 446 πεπεμμένον

94 470 135 537 V.
169 509 212 519 -
248 476 453 557 πλακοῦντα,
490 472 577 538 infra
630 477 833 539 πλακοῦντα.
859 507 899 517 -

96 579 574 665 οαοᾶδῶρονν.θνσιάνΗ.-

96 2073 162 2140 528
186 2074 262 2138 *ὅτι
275 2073 316 2139 V.
334 2111 379 2122 -
401 2084 471 2151 τοῖς
493 2097 579 2140 τετε·
634 2073 699 2139 528
724 2066 801 2138 οἶδα
819 2068 881 2156 μὲν
894 2072 946 2138 ὅτι
960 2073 997 2137 τὸ
1012 2073 1116 2137 κακὸν

96 2179 301 2265 λειωμένοις,
323 2191 393 2258 τοῖς
415 2201 579 2266 πεφονεν-
632 2181 698 2265 ἤδη
717 2177 862 2263 ἐγένετο·
881 2178 965 2245 ἀλλὰ
982 2177 1044 2243 κάν
1062 2176 1116 2244 ἐπὶ

97 2285 210 2371 μένοις
234 2287 275 2352 V.
306 2286 580 2372 πεφονευμένοις.
633 2298 703 2364 τοῖς
727 2291 826 2366 ζῶσιν
845 2287 1008 2373 ἀνδράσιν
1026 2288 1115 2364 εὔξο·

97 2393 151 2459 ἐπὶ
173 2405 244 2471 τοῖς
261 2395 303 2461 Η.
325 2398 455 2479 ποιήσοι
478 2403 579 2459 τοῦτο
633 2418 693 2479 μαι
721 2390 880 2482 (εὔξωμαι
904 2417 952 2473 m,
979 2392 1116 2477 εὔξομαι

98 2502 256 2585 δηλονότι
273 2501 313 2567 V.
336 2500 580 2585 τετελεσμένοις
634 2498 793 2587 Robort.).
819 2536 857 2546 -

96 2607 267 2692 πράγμασι
307 2611 436 2693 ποιήσοι
477 2616 580 2672 ταῦτα

96 2715 131 2781 L.
164 2717 292 2799 ποιήσω
324 2725 427 2781 ταῦτα
456 2721 580 2781 τετελε-

97 2821 233 2908 σμένοις
256 2823 426 2909 πράγμασι
447 2821 516 2886 BG.
537 2859 579 2868 —

98 3037 163 3102 529
187 3039 235 3113 εἰς
257 3037 294 3102 τὸ
314 3035 387 3120 ἑξῆς
401 3036 432 3101 V
447 3033 580 3124 (εὔστομ-

97 3143 155 3228 ξῆς
170 3143 264 3230 00d.).
283 3167 330 3222 ες
347 3145 385 3208 τὸ
405 3142 580 3208 ἐπίλοιπον

97 3251 138 3316 Η.
171 3287 214 3298 -
247 3252 321 3334 ἤτοι
356 3251 466 3335 (διὰ)
502 3253 581 3325 τοὺς

99 3362 223 3438 ζῶντας
252 3357 456 3444 ἀνθρώπους
487 3357 581 3441 εὔχο-

96 3491 168 3551 μαι,
198 3471 233 3531 εἴ
255 3488 343 3543 τινες
370 3466 451 3553 {quot
477 3462 525 3551 (εἴ
547 3485 581 3528 τι

93 3577 188 3661 λῷον
204 3572 288 3660 eod.)
305 3571 341 3640 V.
360 3610 399 3620 -
410 3569 479 3639 ,καὶ
494 3595 586 3640 τετε-
