2430 3856
484 167 523 219 IN
542 168 574 219 V.
595 169 745 219 342-347.

103 339 196 413 νηῶν
209 339 276 393 τῶν
287 324 456 411 Ἑλλήνων
467 329 588 411 δηλον-

103 438 155 501 ότι
173 435 214 500 V.
234 473 276 482 -
301 437 366 500 342
390 437 497 518 ἤγουν
520 458 588 520 τρι-

103 545 262 618 ακοσίονς
270 542 309 608 V.
335 542 443 625 ἤγουν
457 564 587 625 τριακο-

104 652 179 726 σίας
206 657 289 724 ναῦς
315 648 351 712 L.
397 652 588 733 τριακοσίας

102 765 186 833 ναῦς
236 755 273 820 Β.
345 756 586 840 τριακοντοίῦας

101 864 210 947 ἤγουν
232 864 424 948 τριακοσίας
446 871 529 938 ναῦς
548 861 586 926 G.

643 435 708 500 342
731 432 882 500 τουτέστι
899 432 941 498 τ’.
963 472 1000 481 -

101 1007 144 1016 -
174 971 239 1036 343
272 972 378 1049 ναῶν]
408 980 476 1034 τῶν
504 976 537 1032 ει
564 973 584 1051 η
640 969 705 1034 343
721 966 757 1033 ἐκ
770 979 837 1033 τῶν
851 966 883 1033 τ’
896 967 974 1034 δέκα
987 963 1074 1052 ἡσαν
1090 970 1128 1034 αί

102 1098 199 1160 super
218 1100 239 1140 α
255 1075 294 1140 V.
314 1114 357 1123 —
376 1077 483 1158 ἤγουν
508 1073 585 1140 δέκα
639 1073 823 1160 ἡγούμεναι
839 1075 883 1153 ὡς
897 1079 1122 1160 βελτίονες.-

101 1184 354 1268 κροηγούμεναι
381 1194 449 1247 τῶν
474 1183 586 1246 ἄλλων

102 1289 143 1354 V.
177 1327 219 1336 —
255 1291 324 1376 ίὸίηι
348 1288 479 1354 VBGL
517 1287 587 1374 (καὶ

101 1395 171 1459 ἰδία
190 1395 230 1476 V,
259 1396 329 1459 ίόία
349 1395 418 1479 GL,
445 1397 514 1460 ίδια
534 1394 585 1480 Β).

100 1505 328 1584 -κρωτίστη
344 1503 382 1568 V.
416 1500 471 1567 καὶ
485 1526 585 1587 κεχω-

100 1608 240 1693 ρισμένη
256 1609 298 1672 Η.
317 1647 358 1656 -
379 1611 445 1675 344
464 1607 584 1693 Ξέρξη]

98 1723 145 1801 τῷ
161 1715 200 1780 V.
220 1754 260 1762 -
282 1716 436 1799 γινώσκω
452 1714 524 1779 VL.
546 1753 581 1760 -

99 1823 167 1888 345
182 1825 280 1906 ἔφερε
289 1822 329 1887 V.
343 1860 380 1868 -
399 1823 436 1886 αί
453 1821 585 1905 ἐπαιρό-

99 1953 198 2015 μεναι
229 1928 285 1994 καὶ
320 1930 585 2014 μεγαλαυχούμε-

98 2061 156 2102 ναι
164 2035 446 2124 (μεγαλαυόμεναι
458 2033 584 2122 eod.)V.

99 2179 142 2188 -
162 2143 200 2206 αί
215 2143 393 2226 ταχύταται
409 2143 449 2206 Η.
477 2144 584 2226 ἤγουν

97 2261 224 2334 ταχεῖαι
238 2249 435 2334 ἡγούμεναι,
448 2253 485 2313 αἳ
497 2245 584 2332 ἦσαν

98 2367 166 2422 τῶν
189 2359 381 2440 Αἰγινητῶν
401 2355 438 2420 G.
466 2392 504 2402 -
530 2355 583 2418 τοί-

97 2467 160 2548 χει]
180 2473 224 2551 τῷ
240 2464 317 2529 VH.
332 2500 376 2510 —
391 2464 456 2528 346
475 2463 583 2545 ἤγουν

97 2567 149 2650 σζ’
183 2571 203 2654 ἤ
237 2568 306 2638 σιδ’
345 2567 466 2657 (ἤγουν
501 2565 577 2647 σ’ζ“

98 2700 196 2762 super
225 2675 343 2743 ἑκατὸν
373 2673 425 2753 δὶς
458 2681 490 2740 et
518 2679 583 2741 σὺν

97 2807 194 2868 super
219 2782 298 2848 ἑκτιί
321 2780 358 2848 θ’
382 2782 465 2868 cod.)
484 2781 524 2848 V.
542 2821 580 2830 -

95 2892 179 2956 κατὰ
212 2899 329 2956 κοινοῦ
359 2892 397 2955 τὸ
433 2890 500 2971 δίς,
534 2887 578 2953 ἵν’

95 2989 117 3083 ᾖ
142 3000 311 3063 διακόσιαι
336 2994 383 3062 ιδ’
409 2997 445 3061 Β.
471 2997 582 3062 διακό-

96 3123 167 3171 σιαι
186 3107 221 3170 L.
244 3143 281 3152 —
309 3104 415 3180 οὕτως
434 3103 475 3168 Η.
494 3103 581 3169 -ὁ

94 3212 137 3277 H.
165 3250 202 3258 -
229 3216 323 3297 φήμη
349 3211 389 3276 V·
415 3249 452 3260 -

95 3321 160 3385 347
183 3319 247 3384 ὑπό
269 3337 332 3386 σου
353 3318 391 3385 V.
411 3355 455 3365 -
477 3319 581 3405 ταύτη

94 3426 134 3491 V.
185 3465 222 3474 -
274 3425 461 3510 ἡττηθῆναι
507 3424 581 3492 VG.

93 3539 303 3619 κρατηθῆναι
328 3532 403 3598 VH.
443 3570 485 3579 —
524 3530 581 3600 καὶ

637 2464 701 2528 346
718 2459 767 2542 σζ’
786 2463 823 2528 αί
839 2462 984 2547 ίίρισται·
1002 2462 1023 2546 ἤ
1039 2460 1121 2546 σιῦ’,

636 2570 692 2635 ’ίνα
711 2560 733 2656 ᾖ
752 2573 789 2636 τὸ
810 2567 862 2646 δὶς
881 2568 917 2635 ἐκ
935 2577 1061 2635 κοινοῦ.
1076 2606 1120 2616 -
