2430 3856
309 874 616 948 ADNOTATIO
646 873 872 948 CRITIOA.

538 1034 645 1041 ..η-.-

157 1136 227 1192 Cum
251 1136 338 1192 editio
358 1134 508 1204 Dindorfii‚
532 1135 636 1204 quippe
659 1136 707 1204 qui
731 1150 822 1203 neque
845 1135 1019 1204 antiquiores
1042 1137 1101 1192 edi·

83 1209 175 1264 tiones
203 1224 294 1277 neque
321 1206 408 1262 libros
434 1223 520 1261 manu
543 1208 662 1276 scriptos
687 1205 839 1275 diligenter
866 1206 1036 1276 adhibuerit,
1064 1209 1102 1263 ad

84 1297 166 1335 usum
178 1279 389 1350 philologorum
406 1295 464 1333 non
482 1276 612 1345 sufficiat,
631 1276 768 1331 maximas
783 1292 864 1332 curas
878 1294 968 1333 novae
983 1278 1102 1336 editioni

84 1351 218 1421 impendi
255 1350 330 1406 Nolo
349 1351 445 1404 tamen
458 1366 509 1419 pro
526 1347 657 1404 absoluta
675 1348 830 1417 venditare,
850 1365 923 1418 quae
937 1350 1008 1404 satis
1022 1350 1102 1408 firmo

85 1422 173 1478 etiam
193 1424 290 1477 careat
307 1420 500 1476 fundamento.
537 1418 613 1473 Nam
632 1419 743 1474 etiamsi
763 1418 824 1489 ipse
844 1419 924 1476 codd.
940 1420 1054 1476 VHGL
1073 1426 1103 1478 et

85 1493 165 1549 editt.
175 1492 369 1548 Victorianam
382 1491 619 1559 Pauwianamque
633 1489 845 1545 accuratissime
860 1491 976 1561 contuli,
995 1493 1103 1548 tenuis·

85 1565 185 1620 simam
211 1567 287 1634 apud
305 1563 483 1618 Dindorlium
505 1561 616 1619 invenis
639 1560 751 1632 copiam
774 1563 916 1618 variarum
937 1563 1104 1630 lectionum,

85 1636 161 1708 apud
185 1634 359 1705 antiquiores
382 1633 504 1703 nullam,
529 1649 620 1703 neque
645 1632 713 1702 quid
735 1631 896 1688 Dindorfius
918 1650 1009 1703 nequo
1033 1635 1103 1705 quid

87 1706 261 1777 antiquiores
290 1706 460 1764 coniecturis
487 1707 538 1762 aut
565 1705 733 1760 correcturis
760 1704 907 1776 posuerint
935 1706 1103 1762 adnotatum

88 1781 175 1836 extat.

156 1850 255 1918 Itaque
281 1850 388 1904 utiam
409 1849 443 1902 de
473 1847 617 1903 codicibus
640 1846 749 1917 loquar,
774 1847 957 1903 Seelmannus
980 1847 1012 1902 in
1035 1849 1103 1906 diss.

88 1921 123 1975 de
137 1918 344 1990 propagatione
359 1919 530 1974 scholiorum
543 1917 764 1986 Aeschyleorum
778 1920 898 1974 stemma
911 1920 987 1989 quod
1000 1919 1104 1975 dicitnr

85 1990 171 2046 nimis
199 1991 333 2045 audacter
357 1989 497 2044 effinxisse
521 1988 593 2042 mihi
616 1989 736 2044 videtur.
778 1989 955 2059 Quamquam
981 1993 1104 2047 concedo

87 2061 167 2118 codd.
186 2059 330 2114 Parisinos
350 2061 438 2114 artius
457 2059 531 2114 inter
550 2075 580 2113 se
599 2059 748 2114 cohaerere
766 2059 865 2115 videri.

158 2131 218 2186 Nec
236 2130 329 2184 minus
348 2131 408 2185 veri
422 2128 515 2185 simile
529 2129 638 2185 indices
653 2130 734 2186 codd.
749 2131 775 2185 V
789 2132 818 2185 et
831 2132 858 2186 H
872 2132 1016 2188 continere
1031 2134 1104 2189 eius·

87 2205 152 2258 dem
170 2201 286 2272 originis
305 2201 422 2270 scholia,
441 2201 472 2256 id
490 2201 567 2270 quod
584 2200 629 2256 his
646 2201 746 2271 paucis
764 2202 900 2272 exemplis
915 2235 948 2246 -
963 2205 1105 2275 permulta

87 2273 250 2330 adicias-
269 2275 462 2328 demonstrare
482 2275 551 2327 satis
570 2271 675 2328 habeo:

161 2346 219 2400 sch.
235 2350 286 2401 356
305 2344 411 2415 legitur
429 2345 466 2408 ὡς
484 2342 613 2416 μέλλουσι
631 2350 734 2414 φυγεῖν
753 2341 783 2399 οἱ
793 2341 934 2416 Ἓλληνες.
970 2355 1053 2402 τοῦτο
1072 2346 1104 2403 δὲ

88 2413 229 2488 ἐποίησεν,
255 2418 304 2473 ἵνα
323 2412 355 2472 ἐν
378 2417 538 2487 ἀπογνώσει
556 2414 690 2487 μάχοιντο
710 2413 740 2471 oi
748 2413 895 2486 Ἕλληνες,
919 2417 969 2472 sed
987 2419 1013 2472 V
1032 2422 1061 2472 et
1080 2419 1105 2472 H

87 2506 142 2545 om.
157 2489 244 2544 verba
267 2496 349 2543 τοῦτο
372 2485 405 2544 rt
421 2531 427 2544 .
443 2485 599 2558 ,ἝλληνεςΙ
621 2520 653 2528 -
674 2487 730 2542 sch.
747 2494 799 2544 399
819 2492 862 2544 est
884 2487 936 2558 τὴν
952 2488 1103 2545 θάλασσαν

87 2560 139 2651 τὴν
159 2559 275 2634 βρύχιον
293 2559 342 2614 καὶ
366 2561 498 2632 βαθεῖαν.
535 2559 567 2613 τὸ
582 2556 623 2641 ,δὲ
666 2559 764 2628 (νύχιον
786 2563 857 2628 κτλ,
880 2561 930 2614 sed
948 2560 1035 2614 verba
1052 2560 1105 2630 τὴν

88 2633 205 2756 llice
228 2629 610 2782 &serratum
629 2629 1106 2783 arripiebar

90 2779 187 2842 ρῆσαν.
208 2802 242 2813 -
263 2771 320 2825 sch.
337 2777 389 2825 ὀλο
412 2788 463 2840 pro
481 2771 576 2826 verbra
594 2771 677 2825 mitro
696 2787 808 2825 omrssrs
826 2770 896 2839 πρὸς
914 2770 963 2824 τὸν
982 2771 1067 2840 χορὸν
1088 2772 1105 2842 ἡ

83 2841 198 2970 ¹ilrogcci
216 2858 305 2911 φησιν
324 2844 427 2910 postea
446 2841 547 2896 inserit
564 2843 695 2909 uterque:
719 2849 801 2896 τοῦτο
825 2838 857 2895 δὲ
876 2837 951 2910 λέγει
967 2841 1039 2910 πρὸς
1055 2842 1106 2898 τὸν

107 2935 121 2971 ο
157 2933 182 2969 ν.

89 2935 283 3039 ΗΜοιὶοιο
309 2984 405 3038 autem
428 2982 547 3038 interest
564 2984 713 3051 utrumque
737 2981 775 3035 ad
798 2982 907 3037 scheba
931 2984 1108 3041 emendanda

90 3056 212 3112 multum
225 3056 327 3112 valere.
365 3053 509 3110 Nonnulla
523 3053 649 3109 delibare
663 3052 751 3108 liceat
763 3069 798 3108 ex
812 3053 853 3109 eis
868 3055 1013 3127 exemplis,
1032 3074 1106 3125 quae

91 3145 258 3184 consensum
277 3125 382 3182 codicis
401 3128 431 3182 M
469 3127 593 3182 raebent.

163 3200 220 3254 sch.
237 3203 288 3254 168
307 3196 323 3254 o
342 3193 418 3254 ἔστιν
466 3196 535 3265 ΗΜ,
554 3195 696 3252 ιονιέσσιν
715 3195 801 3267 vulgo
820 3195 873 3253 Dd.

163 3271 221 3328 sch.
235 3277 287 3326 431
306 3271 396 3326 λείπει
409 3268 462 3340 τὴν
476 3268 569 3396 μάχχν
584 3269 682 3335 VHM,
699 3269 833 3324 λείπειτὸ
847 3268 900 3338 τὴν
913 3267 1007 3339 μάχην
1020 3271 1107 3340 vulgo

89 3341 142 3398 Dd.
157 3373 192 3385 -
207 3343 266 3398 sch.
280 3347 333 3397 483
348 3336 516 3410 ἐκεῖἾΗΜ,

92 3409 206 3484 ἐποίησε
215 3411 243 3468 V
257 3410 295 3484 (Η
308 3429 362 3468 om.
374 3413 482 3484 schol),
500 3410 638 3496 τολμήσας
652 3407 784 3494 ἐποίησεν
793 3409 831 3478 Μ,
846 3406 977 3482 ἐτόλμησε
991 3420 1109 3483 ποιῆσαι

31 3506 40 3525 x
91 3484 178 3556 vulgo
196 3484 250 3541 Dd.
269 3514 304 3526 -
323 3483 381 3541 sch.
398 3491 431 3540 16
455 3501 519 3540 eum
541 3489 656 3539 mrtrum
679 3485 785 3554 optime
809 3484 953 3538 servatum
972 3485 1065 3540 estin
1082 3486 1108 3540 V

546 3346 620 3396 κεῖσε
635 3339 820 3410 vulgoDd.-
830 3339 888 3396 sch.
903 3344 955 3395 860
969 3339 1109 3412 τολμήσας
