2430 3856
110 158 154 222 34
541 163 698 218 εοΗοιιΑ

181 323 222 386 72
246 319 331 407 ἀμφὶ
349 331 394 406 τῷ
414 322 529 408 αὐχένι
547 334 608 390 τοῦ
627 325 753 390 πόντου
774 326 874 408 ζυγὸν
892 325 1006 408 βαλὼν
1024 329 1128 392 πολύ-

110 451 246 513 γομφον
269 429 390 514 ὅδισμα
413 428 468 495 καὶ
489 433 643 516 βάδισμα.
686 430 808 517 ὅδισμα
827 427 864 496 δὲ
882 433 943 516 τὴν
962 432 1130 499 σύνθεσιν

110 545 178 600 τῶν
201 546 294 620 νηῶν
317 535 423 621 λέγει,
450 548 518 603 τῶν
544 546 603 622 τῆς
629 538 802 620 θαλάσσης
830 539 987 620 δηλονότι
1010 540 1129 605 νώτων

111 642 254 708 ἄνωθεν.
301 641 493 728 ἐγεφύρωσε
522 645 585 731 γάρ
613 646 650 710 τὸ
680 643 899 710 ἑπταστάδιον
921 656 993 722 ταῖς
1015 650 1128 729 ναυσί,

84 750 282 834 εσυνδησας
309 747 364 814 καὶ
391 760 455 835 γῆν
483 751 665 837 ἐπιβαλών,
694 753 777 816 ὅστε
806 751 887 816 ὁδὸν
914 760 1050 834 ποιησαι
1074 750 1127 818 ἐπὶ

110 865 178 920 τῶν
201 866 296 922 νεῶν.
343 858 396 922 διὸ
424 859 646 943 πολύγομφον
674 859 795 942 ὅδισμα
820 853 920 923 εἶπεν.
965 858 1128 942 γράφεται

110 960 164 1026 καὶ
190 964 336 1048 ἔρεισμα·
359 963 421 1046 τὴν
444 973 537 1030 ναῦν.

184 1171 292 1243 Ῑάμφλ
311 1216 317 1229 .
338 1214 345 1227 .
366 1175 458 1246 βαλὼν
478 1191 531 1232 om.
550 1176 577 1229 H
597 1207 628 1215 -
648 1174 724 1246 ἀμφὶ
742 1173 773 1229 δὲ
793 1176 818 1228 V
851 1205 885 1215 -
918 1172 1056 1246 λὸδισμα
1076 1175 1128 1248 βά-

110 1245 196 1314 δισμα
215 1243 388 1315 καλκίνημα
406 1245 432 1298 V
457 1277 491 1286 -
519 1246 568 1301 καὶ
587 1245 711 1320 βάδισμα
730 1245 826 1303 om.P
854 1278 890 1286 —
917 1244 1020 1317 ὅδισμα
1039 1244 1071 1302 δὲ
1093 1290 1125 1304 ..

110 1313 185 1386 λέγει
204 1315 302 1370 addidi
320 1332 354 1370 ex
373 1316 407 1385 V,
427 1316 477 1370 sed
495 1315 619 1390 βάδισμα
637 1317 724 1372 habeb
741 1318 766 1372 V
787 1349 819 1357 -
850 1325 865 1372 3
884 1316 1028 1386 θαλάττης
1046 1318 1072 1372 V
1092 1350 1125 1358 —

109 1387 206 1442 νώτων
225 1381 354 1442 ἐνταῦθα
372 1386 487 1444 άνωδεν
506 1389 532 1443 V
550 1420 584 1430 -
603 1395 621 1442 4
639 1387 671 1443 δὲ
691 1406 741 1458 pro
760 1388 813 1459 γάρ
833 1389 858 1442 V
878 1421 911 1429 —
940 1391 1040 1457 bpos'n
1064 1384 1126 1444 έπι-

112 1458 217 1530 βαλὼνε
245 1457 361 1514 άνωὸεν
390 1459 600 1528 vulgoDd.VH
641 1491 675 1501 -
718 1457 814 1516 θεῖπε
833 1460 931 1530 vulg0,
960 1463 1072 1531 είρητεν
1092 1461 1125 1528 V,

109 1525 150 1584 δι’
166 1528 200 1592 ὅς
218 1528 267 1584 καί
285 1529 317 1584 τὸ
335 1529 518 1602 πολύγομφον
538 1527 599 1587 εἷπε
614 1531 666 1586 Dd.
705 1563 737 1571 —
776 1530 917 1602 γράφεται
934 1574 939 1586 .
956 1574 962 1587 .
978 1539 1050 1586 ναῦν
1070 1549 1126 1589 om.

109 1599 170 1669 PV,
189 1617 240 1670 pro
258 1600 360 1670 quibus
379 1601 410 1656 in
428 1602 454 1656 V
471 1600 547 1657 inter
565 1601 614 1658 καί
632 1605 738 1674 κίνημα
754 1605 783 1657 et
797 1602 921 1676 βάδισμα
935 1601 966 1658 δὲ
982 1603 1049 1673 (vid.
1064 1608 1125 1659 not.

108 1671 186 1741 1.2):
207 1669 333 1743 ἔρεισμα·
353 1671 427 1744 λέγει
445 1671 477 1729 δὲ
496 1672 548 1744 τὴν
566 1683 647 1730 ναῦν.
1016 1721 1019 1725 .

179 1979 221 2041 74
249 1979 464 2062 πολυάνδρου
493 1976 523 2043 δ’
549 1974 656 2056 Ἀσίας
683 1981 825 2065 θούριος
848 1981 971 2063 άρχωνε
1000 1978 1125 2044 ὁθού-

110 2107 182 2167 ριος
212 2079 249 2147 δὲ
275 2082 331 2148 καὶ
358 2083 376 2148 ὁ
404 2085 666 2168 πολεμικώτατος
694 2086 806 2169 άρχιον
829 2094 886 2170 τῆς
908 2085 1125 2177 πολυάνδρου

106 2186 217 2266 Ἀσίας
240 2188 257 2254 ὁ
281 2187 404 2274 Ξέρξης
427 2187 480 2254 ἐπὶ
503 2198 612 2255 πᾶσαν
635 2194 761 2275 χθόνα,
788 2192 849 2274 την
872 2191 1041 2277 Εὐρώπην
1066 2193 1124 2275 δη-

109 2298 233 2379 λονότι,
256 2295 388 2362 ἐλαύνει
406 2299 626 2382 ποιμανύριον
644 2303 742 2362 θεῖον
762 2299 912 2382 διχόθεν·
937 2298 972 2363 ἐκ
992 2308 1052 2382 γῆς
1069 2297 1125 2362 καὶ

83 2404 289 2488 τθαλάσσης.
331 2406 553 2489 ποιμανύριον
578 2400 614 2468 δὲ
635 2405 673 2469 τὸ
694 2409 824 2488 πλῆθος
845 2406 883 2470 τὸ
908 2403 1124 2490 στρατευθέν,

109 2510 147 2576 τὸ
181 2509 343 2597 άνδρικὸν
374 2515 521 2595 πλῆθος,
553 2514 725 2595 ποίμνιον·
757 2514 847 2594 παρὰ
876 2514 912 2576 τὸ
943 2514 1122 2596 ποιμαίνει·

110 2621 265 2701 σημαίνει
289 2613 326 2682 δὲ
348 2619 386 2682 τὸ
411 2619 597 2703 στράτευμα
619 2620 657 2684 τὸ
680 2620 854 2702 βασιλικὸν
877 2621 966 2704 παρὰ
989 2623 1026 2685 τὸ
1046 2622 1124 2695 τοὺς

109 2726 257 2806 βασιλεῖς
279 2722 435 2806 λέγεσθαι
462 2723 628 2808 ποιμένας.
676 2727 759 2790 ὅθεν
783 2728 1004 2810 ποιμανύριον
1026 2727 1063 2788 τὸ
1088 2726 1123 2789 ἐκ

108 2832 251 2912 ποίμνης
274 2827 410 2912 ἀνδρῶν
433 2829 643 2914 συνηγμένον
667 2834 846 2914 βασίλειον.

179 3043 195 3092 2
214 3034 247 3093 δὲ
265 3037 315 3093 καί
333 3055 387 3095 om.
405 3039 432 3092 H
451 3071 485 3080 -
504 3045 520 3093 3
540 3039 555 3094 ὁ
574 3037 682 3110 Ξέρξης
700 3040 766 3094 ante
779 3046 829 3108 της
841 3038 1021 3110 πολυάνδρου
1035 3040 1121 3108 vulgo

107 3109 164 3165 VH
184 3140 217 3150 —-
241 3108 462 3181 σθαλάττηςὸ
487 3117 649 3180 --5sqq.:
677 3108 864 3182 ποιμανύριον
883 3108 914 3167 δὲ
933 3111 964 3166 τὸ
984 3112 1121 3181 ἀνδρικὸν

107 3183 249 3253 ποίμνιον,
262 3180 342 3251 παρὰ
355 3182 387 3237 τὸ
401 3184 542 3254 ποιμαίνω
552 3182 604 3238 Dd.
622 3213 656 3223 -
674 3182 706 3238 τὸ
721 3181 894 3252 στρατευθὲν
909 3183 1045 3251 ἀνδρικὸν
1056 3183 1121 3253 VH,

107 3254 139 3309 τὸ
158 3253 354 3326 στρατενταιδν
373 3254 404 3310 τὸ
422 3254 560 3324 ἀνδρικὸν
578 3258 688 3324 πλῆθος
706 3255 791 3325 vulgo
810 3286 844 3296 —
865 3263 880 3310 6
899 3258 1009 3325 πλῆθος
1028 3271 1081 3309 οτιι,
1099 3258 1120 3307 V

108 3357 142 3366 -
160 3330 293 3396 ποίμνιον
311 3324 390 3396 παρά
407 3325 439 3382 τὸ
457 3329 598 3397 ποιμαίνα
618 3344 672 3383 om.
689 3328 776 3397 vulgo
797 3328 825 3381 et
842 3327 912 3383 inv
932 3359 963 3368 -
985 3331 1000 3380 7
1019 3326 1050 3381 τὸ
1071 3329 1121 3399 βα-

108 3397 215 3453 σιλικὸν
230 3413 283 3453 om.
298 3397 346 3452 vul
367 3397 454 3466 (ΝΗ,
472 3397 504 3453 τὸ
524 3397 660 3469 ἀνδρικὸν
674 3399 727 3457 Dd.
747 3430 780 3439 -
800 3398 866 3470 περὶ
879 3398 910 3455 τὸ
925 3399 951 3452 Η
969 3430 1003 3439 -
1023 3404 1039 3452 8
1058 3418 1120 3454 ποι·

107 3465 244 3594 μανύριρῖν
271 3465 303 3525 δδ
331 3471 342 3541 (
383 3488 414 3526 εν
442 3468 557 3541 omisso)
581 3472 607 3525 H
636 3502 669 3511 -
698 3465 730 3526 ἐκ
751 3472 842 3540 τῆςὸ
869 3503 900 3511 -
931 3478 946 3526 9
970 3469 1124 3542 συναγόμε-

107 3558 159 3595 νον
