2430 3856
84 181 138 230 XII
487 181 699 235 PRAEFATIO.

89 339 175 406 Nam
208 342 243 406 hi
276 345 342 407 tres
376 342 515 426 codices,
549 343 603 428 qui
636 365 732 428 saepe
760 366 831 409 cum
859 342 891 408 V
923 346 1107 433 concinunt,

89 448 174 512 haud
200 471 273 514 raro
298 449 414 513 menda
438 451 622 514 communia
649 450 785 535 habent,
813 452 929 537 quibus
952 451 984 516 V
1007 458 1105 518 caret.

82 541 205 640 Neque
229 562 339 620 tamen
361 560 451 622 recta
474 558 526 621 via
550 556 639 622 codd.
663 557 767 622 Gerelt.
791 563 823 622 et
844 557 933 644 Lips.
957 582 996 624 ex
1018 561 1103 625 libro

90 662 286 748 interposito
308 663 446 748 profecti
471 669 560 748 suut,
590 665 621 728 id
644 666 729 748 quod
749 689 780 749 p.
795 664 877 730 XIII
899 688 1104 750 exponemus.

162 766 208 838 d:
232 771 331 835 codex
351 768 626 855 Guelferbytanus
646 771 812 836 Gudianus
833 773 885 856 88,
908 773 1106 858 chartaceus,

92 879 211 942 saeculi
239 875 311 962 XV,
344 899 455 943 omnes
487 878 642 962 Aeschyli
672 878 801 944 fabulas
833 883 1015 964 continens,
1048 882 1103 945 sed

86 983 255 1050 Oresteam
274 989 308 1049 et
323 982 491 1069 Supplices
512 1007 531 1048 a
550 985 728 1050 recentiore
742 1008 840 1050 manu
861 1009 958 1071 quam
977 988 1103 1070 priores

84 1096 152 1156 tres
177 1091 324 1176 scriptas.
370 1090 551 1176 Utramque
579 1095 706 1175 partem
735 1093 942 1178 bibliopegus
971 1094 1103 1158 coniun-

83 1200 146 1284 xit,
174 1221 251 1263 nam
275 1197 388 1263 charta
412 1219 539 1282 quoque
568 1200 673 1264 altera
695 1201 736 1264 ab
761 1201 864 1264 altera
893 1200 1008 1266 differt.
1053 1198 1103 1264 De

86 1312 180 1372 textu
199 1305 344 1389 priorum
361 1305 546 1369 fabularum
560 1305 656 1371 modo
672 1306 747 1372 dixi.
785 1303 914 1371 Scholia
929 1310 962 1370 et
980 1308 1102 1391 glosse-

84 1418 175 1478 mata
206 1413 321 1476 insunt
353 1434 436 1495 quae
460 1411 567 1496 ¹vulgo
595 1411 624 1476 B
655 1416 823 1479 vocantur.
872 1411 962 1476 Haec
995 1417 1103 1476 autem

85 1543 179 1586 auum
199 1520 319 1584 habere
338 1519 480 1604 pretium
499 1519 612 1603 paullo
632 1519 719 1584 infra
738 1519 1014 1603 comprobandum
1032 1521 1103 1584 erit.

85 1627 293 1693 Glossemata
316 1626 415 1690 rubro
439 1623 566 1709 liquore
594 1626 635 1690 ab
660 1626 771 1691 eadem
795 1649 892 1691 manu
916 1627 1004 1711 picta
1028 1632 1104 1691 sunt

89 1740 187 1819 atque
210 1738 319 1799 textus
342 1737 375 1797 et
399 1732 522 1798 scholia
546 1732 751 1819 marginalia.

153 1839 199 1906 L:
226 1842 326 1906 codex
355 1841 389 1904 in
416 1840 615 1905 bibliotheca
639 1842 804 1907 senatoria
832 1842 974 1907 civitatis
997 1840 1104 1925 Lipsi-

84 1949 172 2012 ensis
193 1948 355 2030 rcpositus
376 1943 456 2032 (rep.
475 1946 502 2012 I.
519 1947 549 2011 4.
568 1943 637 2034 43),
661 1948 860 2031 chartaceus,
883 1949 1004 2012 saeculi
1023 1947 1103 2011 XIV

84 2053 242 2134 exeuntis,
271 2051 458 2134 complexus
482 2051 712 2116 Prometheum
734 2052 809 2117 inde
834 2076 853 2117 a
876 2076 904 2117 v.
925 2054 988 2117 169
1014 2052 1104 2140 (τλη-

86 2160 257 2246 σικάρδιος
279 2156 361 2243 κτλ.)
381 2194 422 2204 -
442 2179 518 2221 nam
542 2161 580 2221 ut
604 2180 623 2221 a
645 2159 827 2242 posteriore
850 2181 947 2224 manu
972 2159 1104 2224 adnota-

85 2273 156 2334 tum
177 2271 236 2349 cst,
259 2269 414 2350 quattuor
434 2264 562 2329 circiter
579 2264 660 2329 folia
679 2265 885 2350 deperierunt
902 2302 952 2352 -‚
972 2265 1103 2350 Septem

87 2375 158 2441 adv.
182 2373 327 2457 Thebae,
354 2371 482 2437 Persae.
529 2369 661 2437 Scholia
688 2375 721 2436 ct
745 2372 942 2458 glossemata
964 2372 993 2437 Β
1018 2379 1102 2438 atra·

87 2485 198 2547 mento
223 2480 388 2564 adscripta
413 2483 490 2544 sunt
518 2479 559 2543 ab
584 2479 696 2545 eodem
720 2480 868 2565 librario,
899 2481 954 2565 qui
977 2485 1103 2546 textum

86 2587 241 2654 exaravit.
279 2585 366 2652 Olim
390 2585 444 2650 hio
467 2586 550 2650 liber
569 2587 602 2650 in
621 2587 825 2657 bibliotheca,
839 2586 878 2652 D.
893 2587 988 2654 Zach.
1007 2586 1102 2655 Conr.

85 2696 126 2760 ab
146 2693 361 2778 Uffenbachii,
384 2697 422 2757 ut
445 2714 484 2757 ex
506 2694 699 2759 emblemate
718 2695 819 2759 fronti
837 2695 938 2760 infixo
958 2700 1103 2780 apparet,

86 2803 276 2867 adservatus
300 2804 357 2865 est.
404 2797 596 2864 Simillimus
620 2806 670 2865 est
694 2802 796 2865 codici
820 2801 856 2866 G.

151 2906 213 2972 His
237 2906 403 2972 codicibus
427 2906 516 2972 omni
539 2929 603 2992 qua
626 2907 695 2971 fieri
715 2908 824 2991 potuit
838 2892 1013 2994 ⁹diligentia
1032 2908 1102 2992 ipse

83 3038 159 3082 usus
185 3037 266 3079 sum.

154 3122 329 3188 Praeterea
353 3120 487 3185 adhibui
516 3143 554 3185 ea
582 3120 721 3205 scholia,
753 3143 833 3204 quae
857 3119 1045 3186 Dindorfius
1069 3123 1103 3186 in

86 3229 228 3295 editione
244 3226 421 3294 Oxoniensi
442 3226 484 3316 (a.
502 3224 604 3315 1851)
624 3226 779 3293 litteraB
798 3228 935 3292 notavit.
973 3227 1103 3294 Scholia

85 3335 117 3401 B
142 3335 328 3402 Promethei
362 3339 395 3399 et
424 3333 552 3419 Septem
584 3334 769 3400 fabularum
798 3336 831 3398 in
865 3336 933 3401 cod.
958 3336 1103 3401 Arunde-

84 3443 173 3509 lieno
189 3446 309 3526 extant,
328 3442 501 3508 Persarum
516 3441 648 3508 fabulae
662 3442 696 3507 in
710 3442 779 3508 cod.
794 3440 1057 3528 Cantabrigiensi
1074 3446 1102 3529 1,

84 3572 167 3615 saec.
186 3549 267 3615 XIV
290 3551 341 3614 vel
360 3548 423 3631 XV
448 3553 590 3616 exarato.
629 3547 691 3616 Sed
712 3571 784 3615 oum
803 3549 856 3615 hic
876 3550 909 3615 in
927 3550 991 3615 fine
1011 3573 1107 3617 man-
