2430 3856
177 1191 240 1256 143
252 1212 319 1275 sqq.
357 1185 429 1255 ἀλλ’
456 1191 514 1273 όίγε
538 1186 680 1276 Πέρσαις
709 1189 792 1254 ἀλλὰ
816 1186 908 1273 φέρε,
932 1184 958 1253 ὦ
982 1187 1126 1274 Πέρσαι,

108 1295 294 1381 ἐνεζόμενοι
334 1293 390 1362 καὶ
426 1295 649 1380 ἐγκαθήμενοι
685 1296 733 1372 είς
768 1304 867 1361 τοῦτο
908 1295 946 1360 τὸ
983 1295 1126 1379 ἀρχαῖον

32 1435 34 1439 ’
108 1402 255 1486 στέγος,
275 1406 382 1487 ἤγουν
419 1404 466 1479 είς
501 1403 626 1486 ταύτην
665 1402 727 1486 τὴν
763 1402 905 1487 ἀρχαίαν
941 1401 1126 1489 καθέδραν,

109 1510 276 1594 φροντίδα
298 1511 491 1594 ποιήσωμεν
513 1506 569 1574 καὶ
592 1509 866 1592 βουλευσώμεθα,
890 1519 959 1586 πῶς
983 1510 1128 1594 πράσσει

81 1615 164 1682 ικαὶ
188 1619 223 1681 τί
242 1626 331 1682 ποιεῖ
354 1616 390 1681 ἐν
410 1612 544 1681 Ἑλλάδι
567 1615 585 1681 6
608 1614 740 1701 Ξέρξης.
773 1617 868 1700 χρεία
892 1612 928 1681 δὲ
951 1619 1127 1700 προσήκει·

30 1759 33 1766 -
106 1726 144 1790 τὸ
170 1721 209 1789 δέ
230 1722 304 1788 ἀντὶ
327 1731 388 1789 τοῦ
410 1723 483 1808 γάρ.
528 1723 666 1808 ἡχρεία
694 1724 757 1807 γὰρ
780 1730 950 1807 προσῆκον
972 1732 1064 1787 ποιεῖ
1086 1717 1139 1790 τδ

106 1832 340 1914 βουλεύεσθαι.

180 1994 194 2040 1
215 1986 302 2057 φέροι
324 1988 363 2056 Η,
388 1984 487 2058 φέρετε
507 1986 547 2063 V³
561 2018 593 2026 —
627 1993 642 2041 2
662 1986 823 2057 καθήμενοι
841 1987 875 2054 V,
894 1964 1056 2057 ἐνεζόμενοι
1076 1987 1127 2042 καὶ

107 2057 272 2129 καθήμεναι
289 2059 316 2112 Η
340 2090 371 2098 -
397 2067 413 2113 3
433 2057 582 2127 καθέδραν
606 2074 660 2112 om.
680 2057 706 2110 V
725 2090 758 2098 -
787 2063 805 2111 4
826 2059 967 2128 φροντίσω
989 2077 1020 2113 εν
1038 2057 1126 2114 Dd.H

92 2125 193 2199 'vulgo
213 2160 246 2170 —
266 2135 282 2183 ὅ
302 2128 317 2184 6
337 2126 434 2198 ξέρξης
453 2125 484 2184 ἐν
504 2123 599 2183 ἕλλοίδι
617 2129 643 2182 V
662 2159 695 2168 -
715 2135 731 2181 6
749 2146 801 2198 pro
820 2130 852 2183 τό
867 2127 900 2184 δέ
914 2078 1041 2185 ἀντλιτοῦ
1056 2128 1126 2200 γάρτ

106 2197 249 2256 τουτέστιν
268 2201 324 2254 VH
343 2231 377 2240 -
396 2199 414 2269 ἡ
433 2205 514 2269 χρεία
532 2197 564 2254 δὲ
582 2199 609 2252 Η
628 2231 662 2240 -
682 2197 722 2263 είς
740 2200 771 2255 τό
790 2199 816 2254 V

177 2381 239 2447 148
285 2383 323 2474 τὸ
346 2381 584 2466 πατρωνύμιον
612 2379 722 2464 γένοςι
750 2382 824 2464 ότοι
853 2381 870 2446 6
894 2381 976 2446 κατὰ
993 2380 1127 2466 Δπατέρα

106 2488 272 2572 συγγενὴς
304 2487 397 2573 ἡμῖν·
429 2485 602 2554 τουτέστιν
635 2486 652 2552 6
686 2486 722 2552 ἐκ
749 2489 920 2571 προγόνου
955 2490 1125 2572 ἰθαγενής.

179 2645 226 2699 Bis
250 2644 305 2698 hoc
328 2644 386 2698 seh.
406 2643 542 2713 scriptum
567 2644 663 2699 estin
681 2643 721 2698 H:
750 2649 779 2700 et
797 2647 871 2699 inter
891 2647 985 2700 cetera
1008 2644 1125 2715 scholia,

105 2733 181 2784 quae
200 2718 266 2785 post
283 2717 392 2784 partem
412 2715 554 2785 quandam
573 2716 667 2770 textus
685 2717 792 2772 inserta
807 2718 880 2784 sunt,
901 2717 973 2771 etin
986 2715 1124 2786 margine.

106 2787 140 2840 In
158 2786 208 2841 illo
229 2788 287 2841 sch.
303 2785 340 2840 ad
358 2783 439 2856 γένος
453 2785 517 2841 εδδ.
534 2788 577 2841 est
591 2784 735 2857 ἁμέτερον,
754 2787 784 2841 in
797 2787 852 2842 hoe
866 2788 1007 2842 consentit
1020 2788 1126 2874 lemma!a

106 2928 171 2966 cum
190 2911 267 2981 vulg.
287 2914 317 2964 et
334 2909 400 2966 Βόα
419 2910 451 2966 τὸ
470 2911 668 2982 πατρωνύμιον
687 2909 775 2981 γένος.
805 2902 876 2964 Tum
896 2909 913 2979 ἢ
930 2911 944 2966 6
960 2911 1032 2966 κατὰ
1050 2881 1127 2982 προιισ

106 2998 195 3052 marg.
215 2981 242 3035 H
260 3013 294 3024 -
313 2981 429 3037 Lemma
442 2982 466 3036 V
480 2983 534 3037 hoo
553 2984 609 3036 est:
624 2980 821 3053 Δαρειογενής,
839 2984 900 3036 tum
919 2982 934 3037 6
953 2983 1026 3037 κατὰ
1045 2984 1071 3038 V
1090 3016 1124 3027 -

106 3061 123 3109 2
142 3052 290 3124 προγόνων
304 3053 436 3109 Vict.Dd.
456 3085 489 3094 —
510 3056 577 3122 post
596 3051 732 3123 ἰθαγενὴς
750 3054 820 3108 haec
839 3053 870 3106 in
883 3053 921 3110 V:
941 3052 971 3109 οί
982 3052 1034 3124 μὲν
1048 3053 1125 3125 Πέρ-

78 3187 80 3191 ,
105 3144 153 3181 σαι
172 3123 285 3193 τοξόται
304 3124 334 3180 ολ
350 3123 381 3181 δὲ
398 3123 544 3194 Ἀθηναῖοι
562 3124 732 3195 λογχοφόροι
746 3123 822 3195 (vide
842 3143 882 3194 sq.
903 3125 1001 3196 schol.)

177 3326 240 3392 150
285 3328 427 3412 πότερον
453 3324 553 3404 τόξου
582 3323 671 3410 ῥῦμα
696 3326 734 3390 τὸ
758 3334 875 3389 νικῶνε
903 3318 983 3409 ἆρα,
1006 3328 1124 3410 φησίν,

180 3490 213 3626 ἒ)
228 3483 285 3555 ἄρα
317 3483 356 3551 Η,
393 3481 457 3553 ἄρτι
488 3481 522 3550 V,
562 3478 684 3553 πότερον
716 3481 774 3553 ἄρα
805 3479 892 3551 vulgo
902 3480 956 3538 Dd.
993 3479 1125 3554 (πότερον

107 3570 160 3610 om.
231 3572 265 3596 ·-
