2430 3856
141 172 206 236 110
571 174 728 229 SOHOLIA

114 335 345 418 επεντήκοντα
377 336 542 419 πεντάκις,
574 337 681 420 ἤγουν
714 332 782 417 σν’,
814 336 851 401 τὸ
884 333 981 419 γένος
1014 335 1063 400 ὢν
1095 335 1161 403 ἀπὸ

140 443 277 527 Λύρνης
299 451 356 528 τῆς
378 443 488 528 χώρας
511 453 616 508 αείται
640 444 786 520 δείλαιος
809 440 864 508 καὶ
888 444 1007 520 ἀθλιος
1027 444 1162 530 θανών,

140 548 182 614 οὐ
206 550 293 634 μάλα
317 549 469 635 εὐτυχῶς.

141 714 157 762 5
176 706 302 764 τουτέστι
321 709 473 764 διακοσίων
492 708 670 778 πεντήκοντα
688 708 864 779 vulgoDd.H
886 739 922 748 -
945 706 981 764 ἀν
1002 725 1054 778 pro
1074 705 1115 764 ὢν
1135 709 1161 765 V

206 2044 270 2108 329
282 2065 352 2127 sqq.
388 2040 571 2119 Συέννεσίς
594 2065 641 2108 τεε
664 2040 720 2108 καὶ
743 2042 761 2108 ὁ
781 2041 965 2121 Συέννεσις
989 2041 1007 2108 ὁ
1026 2055 1158 2129 πρῶτος

138 2151 186 2227 είς
208 2151 459 2233 θαρραλεότητα
487 2147 542 2213 καὶ
571 2147 741 2234 ἀνδρείαν,
770 2149 788 2215 ό
814 2149 947 2234 ἡγεμὼν
969 2160 1038 2216 τῶν
1061 2153 1156 2216 Κιλί-

138 2281 217 2340 κων,
241 2256 382 2333 εὐκλεῶς
405 2255 567 2321 ἀπώλετο·
595 2255 670 2321 ἀντὶ
701 2265 762 2321 τοῦ
785 2262 892 2334 καλῶς
914 2253 969 2321 καί
993 2255 1157 2344 ἀνδρείως

138 2363 364 2448 μαχεσάμενος
400 2362 547 2428 ἀπώλετο
591 2361 738 2447 ἐντίμως.
793 2355 840 2439 εἷς
882 2363 966 2446 ἀνὴρ
1010 2364 1058 2429 ῶν
1100 2362 1155 2429 καὶ

111 2474 282 2547 επολλοὺς
318 2473 444 2549 πόνους
480 2469 660 2556 ἐμποιήσας
700 2481 770 2546 τοῖς
812 2469 947 2554 ἐχθροῖς
989 2470 1034 2548 ὡς
1070 2468 1156 2556 ὑπὲρ

138 2582 284 2656 πολλοὺς
306 2580 541 2663 μαχεσάμενος.

212 2743 224 2789 1
246 2735 355 2798 σόνεσίς
372 2755 415 2790 τεε
445 2735 588 2799 όσόνεσίς
606 2756 635 2791 τε
656 2736 670 2790 ό
689 2743 799 2805 πρῶτος
817 2737 843 2789 Η
872 2767 906 2776 -
935 2734 1048 2790 initium
1067 2734 1155 2804 vulgo

138 2807 178 2861 sic
201 2807 318 2876 legitur:
340 2805 492 2870 Συέννεσίς
510 2827 539 2862 τε
558 2817 674 2878 πρῶτος,
694 2824 738 2876 ap.
758 2806 810 2861 Dd.
831 2806 909 2860 etin
930 2806 965 2860 V:
990 2805 1039 2861 καὶ
1061 2805 1076 2860 ὁ
1096 2809 1155 2861 Συ-

138 2878 245 2940 έννεσις
263 2878 401 2948 (σόννεσις
420 2880 455 2948 V)
475 2878 490 2932 ὁ
508 2887 616 2949 πρῶτος
645 2911 677 2918 --
707 2876 940 2948 λθαραλεότητα
958 2877 984 2931 Η
1012 2909 1044 2918 -
1073 2873 1154 2934 4&-

137 2952 221 3017 τίμως
240 2949 337 3005 addidi
356 2966 391 3004 ex
408 2950 434 3004 V
454 2982 486 2990 -
514 2957 529 3006 5
547 2950 668 3018 ποιήσας
685 2948 788 3019 P(Dd.)
809 2981 842 2990 —
862 2946 1017 3020 ἐμποιήσας
1034 2950 1154 3012 πολλοὺς

136 3020 242 3084 πόνους
260 3022 285 3074 V
306 3053 337 3062 -
357 3018 428 3091 ὑπὲρ
448 3021 548 3085 ἀλλους
565 3023 683 3083 πολλοὺς
701 3020 754 3076 Dd.
770 3037 804 3075 ex
819 3022 849 3087 P,
867 3019 938 3090 ὑπὲρ
958 3021 1077 3085 πολλοὺς
1092 3022 1153 3087 ΟΗ,

137 3091 207 3164 ὑπὲρ
226 3097 335 3148 πολλῶν
356 3093 388 3162 V,
407 3092 480 3147 κατά
498 3097 608 3148 πολλῶν
628 3092 714 3162 vulgo

203 3437 269 3502 334
280 3458 326 3520 sq.
373 3435 409 3500 αἲ
444 3435 491 3499 αἲι
528 3433 548 3517 ἡ
577 3432 721 3500 ’Ἄτοσσα
760 3433 929 3500 ἀκούσασα
965 3435 1055 3518 παρὰ
1092 3442 1153 3500 τοῦ

189 3581 206 3628 1
226 3575 295 3647 περί
313 3577 345 3632 Η
360 3609 397 3619 -
