2430 3856
489 181 529 233 IN
546 181 579 234 V.
600 185 750 234 236-241.

109 340 174 405 236
199 338 360 425 ἐπεθύμει
384 340 523 406 VBGL.
548 379 591 388 —

108 447 305 531 ὑποχειριάν
328 456 465 532 ποιῆσαι
483 448 523 512 V.
551 486 588 497 —

74 662 172 743 ,237
207 661 238 725 εἰ
265 660 351 745 (effla
374 659 421 749 V)
451 663 590 745 ληφθεί-
646 664 709 728 237
757 664 789 728 εἰ
834 668 1047 749 ληφθείησαν
1094 666 1131 731 αἱ

107 784 194 852 ησαν
232 768 270 841 ac
305 763 445 852 Ἀθῆναι
474 767 515 833 V.
561 769 593 833 εἰ
641 766 791 854 Ἀθῆναι.
811 808 853 818 -

103 871 250 957 Ἀθήνας
264 864 331 939 εἷλε
345 873 406 937 BG
421 866 522 958 (εἷλεν
537 873 591 960 G),

107 983 170 1048 hoc
195 1004 301 1072 ¹super
332 974 455 1064 γένοιτ’
482 979 524 1046 ἂν
553 981 591 1065 G,

40 1088 43 1092 ⁴
106 1089 171 1154 ibd.
201 1110 298 1174 super
324 1085 498 1172 βασιλέωςτ
529 1097 590 1153 τοῦ

107 1193 243 1281 Ξέρξου.
279 1204 347 1258 τῶν
371 1199 523 1280 Περσῶν.
561 1196 593 1259 εἰ

107 1303 322 1386 ληφθείησαν
341 1298 590 1386 (λειφθηουσαν

107 1407 190 1493 cod.)
210 1409 247 1472 αἱ
260 1405 401 1490 Ἀθῆναι
416 1407 453 1472 G.
484 1409 589 1473 solum

68 1595 71 1599 ρ
107 1513 235 1601 Ξέρξου
254 1515 289 1579 L.
309 1553 351 1561 —
377 1514 536 1599 εὐπειθὴς
548 1515 588 1580 V.

109 1660 148 1714 -5
182 1623 248 1688 238
282 1621 388 1698 οὕτως
410 1621 513 1686 VGL.
549 1661 585 1669 -

105 1730 233 1812 αὐτοῖς]
258 1727 295 1794 έν
317 1729 360 1793 Η.
400 1739 471 1806 τοῖς
490 1723 588 1812 Ἀθη-

103 1839 213 1914 ναίοις
240 1834 343 1901 VGL.
378 1871 416 1881 -
458 1840 589 1919 πληθο-

104 1944 187 2027 σμὸς
210 1942 250 2007 V.
277 1980 315 1989 -
348 1943 413 2008 239
437 1941 508 2024 καὶ]
532 1941 588 2008 ναὶ
644 1944 708 2008 239
737 1941 832 2027 ἔρξας
854 1944 974 2008 πολλάς
1005 1953 1064 2028 τῆς
1088 1944 1125 2010 ἐν

104 2049 204 2114 VHL
219 2047 291 2136 (ναὶ
306 2050 463 2133 δηλονότι
477 2048 532 2135 V).
546 2086 585 2096 —
642 2053 835 2136 Μαραθῶνι
854 2054 1051 2136 πεζομαχίας
1068 2051 1124 2137 μέ-

103 2155 230 2240 πράξας
242 2155 320 2220 VH.
344 2159 486 2239 ποιήσας
505 2156 586 2241 πρά·
642 2142 773 2242 μνηται.
788 2195 830 2205 -
849 2157 939 2223 Idem
955 2160 1028 2223 sine
1045 2160 1123 2224 lem-

105 2262 162 2341 ξας
177 2263 212 2328 L.
231 2266 372 2347 ποιήσας
388 2263 425 2330 G.
443 2301 481 2310 -
499 2263 586 2348 Πέρ-
642 2269 729 2330 mate
762 2269 795 2330 et
822 2265 930 2330 verbis
965 2266 1021 2330 διὰ
1047 2268 1123 2331 τού-

103 2386 164 2447 σας
195 2369 273 2435 VH.
328 2373 408 2446 τοὺς
454 2369 587 2457 Πέρσας
641 2392 710 2435 των
728 2376 803 2455 post
822 2368 984 2456 μέμνηται
1003 2371 1123 2437 additis

105 2476 209 2541 BGL.
233 2514 276 2524 -
307 2478 374 2543 240
401 2479 497 2563 πρὸς]
523 2481 587 2543 σὺν
642 2498 744 2561 marg.
764 2475 801 2542 G.
819 2515 863 2524 —

103 2582 143 2648 V.
162 2622 206 2630 —
229 2584 413 2667 τούτοισιν]
436 2595 506 2662 τοῖς
529 2585 585 2650 ἆν-

102 2690 203 2776 ἃρᾶσι
225 2690 266 2756 V.
303 2728 348 2738 —
383 2699 429 2780 τῷ
462 2693 586 2774 πλήθει

101 2795 158 2862 καὶ
197 2809 268 2874 τοῖς
310 2797 453 2884 ἀνδράσι
490 2796 585 2863 BGL

101 2905 176 2988 (pro
200 2916 270 2982 τοῖς
289 2904 445 2988 ἀνδράσιε
468 2913 508 2990 τῇ
527 2904 585 2970 ἀν-

101 3011 197 3098 δρείᾳ
217 3009 268 3098 Β).
287 3048 329 3058 -
353 3013 466 3089 ἱκανὸς
484 3011 526 3076 Η.
542 3049 581 3059 -

101 3118 209 3201 ἤγουν
232 3115 287 3183 καὶ
310 3119 346 3183 οἱ
366 3120 464 3203 δόμοι
481 3120 584 3184 πλού-

100 3227 173 3290 σιοί
192 3226 279 3291 εἰσιν
304 3225 345 3290 V.
369 3263 413 3272 -
436 3228 500 3291 241
526 3225 584 3310 ἀρ-

99 3332 221 3418 γύρον]
237 3329 294 3397 ναὶ
308 3331 403 3397 Η.-
367 3331 583 3417 -μέταλλον

98 3439 164 3523 γαρ
192 3448 319 3524 χρυσοῦ
346 3438 367 3523 η
395 3463 437 3525 μη
469 3438 585 3520 αὐτοις

93 3545 339 3611 δι’δασιῑῆ-
377 3547 415 3616 ἐν
447 3553 589 3644 Θορικῷ
650 3551 724 3620 241
745 3549 792 3615 ἰα
812 3544 850 3612 ὲν
871 3565 925 3626 ιη
930 3514 1201 3683 Ατξωᾶλῖἳῇ·
