2430 3856
472 186 511 236 IN
530 186 561 236 v.
583 189 732 239 ιιι-ιιι.
816 129 818 133 ¹
1046 179 1111 245 217

93 345 133 411 V.
161 382 199 392 -
227 345 291 410 773
314 347 455 431 Δωρίδα
477 345 574 411 7.-
632 343 773 429 ἀδελφοὶ
802 342 839 411 δὲ
865 347 947 411 κατὰ
964 343 1114 412 Ἑλλάνι-

94 454 220 536 ἤλαυνε
230 451 271 517 7.
287 490 326 500 -
343 455 414 540 βία]
432 451 523 518 *σὺν
536 452 577 518 7.
631 476 693 518 κον
716 453 892 537 Μάραφις,
910 450 1056 538 Μέρφις.
1070 489 1115 500 -

96 597 138 606 -
170 568 211 645 τῇ
247 558 387 643 δυνάμει
420 559 525 624 αὑτοῦ
556 557 577 643 ἢ
634 560 698 624 773
740 561 929 643 συνήγαγεν
965 567 1005 645 τῇ
1023 582 1025 586 ·
1044 560 1113 646 ἰδία

94 671 270 750 βιαστικῶς
290 665 327 731 G.
351 703 396 712 —
420 667 485 731 774
510 664 578 751 ἐμά·
634 665 782 750 δυνάμει.
807 703 860 714 -·

95 790 198 856 σησεν
224 772 331 855 VBL,
368 773 453 836 infra
491 772 578 856 quod

95 878 228 945 *αὐτὸν
240 878 282 944 V.
306 877 440 963 ἐμίσησε
469 877 511 944 H.
538 916 575 925 -

95 985 191 1053 *ἐπεὶ
205 985 279 1051 VB.
298 1023 342 1032 -
361 988 525 1071 φρόνιμος
540 985 578 1052 V.

94 1131 139 1141 —
164 1091 295 1178 ἐγένετο
313 1091 354 1158 V.
373 1129 418 1140 -

96 1201 162 1266 775
182 1199 200 1266 δ
220 1197 519 1284 Καμβύσης7Βθι.
533 1235 577 1245 -
633 1197 703 1264 775'
720 1199 914 1283 Καμβύσης.
933 1237 975 1246 -

97 1627 162 1692 776
182 1633 259 1711 τιμῇ
278 1625 466 1709 infra'quod
491 1625 579 1690 *σὺν
635 1625 700 1690 776
723 1621 869 1708 πέμπτος
897 1621 934 1690 δὲ
959 1625 1114 1711 Μάρδοςε

94 1733 135 1799 V.
158 1770 196 1782 -
219 1734 282 1799 777
302 1734 474 1817 θρόνοισι]
489 1730 579 1797 *σὺν
632 1730 790 1817 ἡγραφὴ
816 1730 1009 1816 ἡμάρτηται.
1054 1732 1114 1796 τὸν

34 1828 39 1835 ’
94 1839 135 1906 V.
153 1877 190 1888 -·
208 1837 254 1922 τ’]
276 1837 411 1905 *ααὶ7.
427 1841 579 1921 -βασι-
632 1838 697 1921 γάρ
726 1835 927 1922 ἐπιθέμενον
953 1846 993 1923 τῇ
1021 1841 1115 1922 Καμ-

96 1952 202 2025 λικοῖς
218 1945 260 2013 V.
286 1983 324 1994 —
349 1947 409 2012 τὸν
431 1945 578 2032 Μάρδον
632 1945 741 2028 βύσου
777 1943 861 2030 ἀρχῇ
894 1945 1002 2029 μάγον
1035 1946 1115 2010 ὄντα

95 2054 137 2120 V.
160 2091 204 2101 -
228 2060 358 2139 μηχανῇ
381 2051 490 2120 7.·-
513 2053 577 2118 778
633 2049 744 2129 οὐδεὶς
763 2052 909 2136 Μάρδον
928 2047 1020 2117 εἶπεν
1039 2051 1115 2117 ούνε

96 2159 290 2245 *γενναῖος,
319 2159 447 2244 ἀγαθὸς
469 2157 508 2225 V.
536 2196 578 2204 -
631 2156 731 2242 γένος
751 2160 827 2224 ούιε
847 2161 963 2244 ὄνομα.
990 2161 1116 2243 μήποτε

97 2269 227 2352 δόμοις]
256 2265 350 2344 *τοῖς
372 2266 413 2332 V.
446 2302 485 2313 —-
514 2267 578 2331 779
633 2260 696 2331 οὖν
736 2263 916 2351 γραπτέον·
963 2264 1115 2347 “Μάρδις

95 2383 166 2452 τοῖς
189 2377 363 2458 βασιλεῦσι
385 2373 426 2439 V.
450 2409 492 2420 —
518 2381 579 2437 τοῦ
634 2373 775 2456 αἰσχύνη
807 2370 941 2458 πάτρᾳ’.
987 2371 1115 2455 ὁμώνυ-

97 2484 185 2566 ἔχειν
213 2481 312 2565 τιμὴν
340 2481 387 2556 εἰς
413 2480 474 2545 τὸν
496 2481 580 2544 λαὸν
633 2502 696 2563 μος
733 2477 932 2565 (ὁμωνύμως
966 2477 1014 2565 m)
1051 2479 1115 2560 γάρ

95 2588 136 2654 7.
160 2624 206 2635 —-
635 2579 722 2650 εἶναι
782 2590 861 2662 ἴσως
920 2584 1114 2670 ὑπεκρίνετο

632 2693 768 2778 Μερδία
795 2700 840 2779 τῷ
865 2692 985 2777 Κύρου
1009 2692 1115 2773 παιδί,

633 2798 766 2885 άδελφςό
829 2821 864 2864 τε
920 2799 1115 2884 Καμβύσου.

633 2907 773 2990 αἰσχύνη
795 2902 831 2971 δὲ
845 2905 966 2992 πάτρᾳ·
986 2905 1037 2971 ὅτι
1056 2905 1115 2989 μά-

633 3035 692 3095 γος
725 3012 772 3076 διν
802 3010 1000 3097 περιέσπασε
1032 3012 1116 3096 (πῶς

635 3122 756 3185 ἔσπασε
779 3143 821 3203 m,
850 3141 929 3185 corr.
954 3116 1115 3205 1)(1.)την

635 3229 778 3311 Περσῶν
793 3224 898 3310 ἀρχὴν
915 3227 962 3301 εἰς
980 3224 1116 3309 μάγους.

634 3369 676 3378 -
698 3334 761 3398 778
785 3340 907 3396 τοῦτον
924 3329 1116 3407 Ἑλλάνικος

635 3438 822 3524 Δαφέρνην
843 3442 1011 3503 καὶεί.-
