2430 3856
194 1245 260 1310 478
299 1243 358 1322 οὓς
380 1247 510 1329 πρόσθε
529 1246 722 1328 Μαραθῶνι
748 1247 929 1331 Μαραθὼν
949 1247 1038 1332 ὄρος,
1059 1247 1145 1312 ὅπου

127 1349 245 1418 πολλοὶ
268 1362 336 1417 τῶν
360 1352 540 1438 βαρβάρων
559 1350 744 1436 ἀπώλοντο,
768 1352 827 1431 οὓς
847 1352 865 1419 δ
885 1360 1031 1437 Δαρεῖος
1047 1359 1144 1420 πολε-

126 1468 229 1543 μῆσαι
261 1469 331 1536 τοῖς
366 1455 558 1543 Ἀθηναίοις
591 1458 777 1543 ἀπέστειλε,
814 1467 860 1548 τῷ
893 1458 1027 1548 ἀριθμῷ
1066 1457 1145 1527 ὡσεὶ

127 1565 291 1650 μυριάδας
314 1563 352 1631 λ’.
399 1563 452 1650 ἐφ’
479 1557 505 1653 ᾧ
529 1564 653 1652 Ξέρξης
681 1564 796 1650 μανεὶς
822 1564 878 1632 καὶ
905 1569 983 1644 τοὺς
1010 1565 1146 1653 Πέρσας

99 1673 252 1750 ιπολντας
283 1671 338 1738 καὶ
366 1674 444 1750 τοὺς
477 1672 541 1739 ἀπὸ
568 1684 636 1738 τῶν
663 1672 756 1760 πέριξ
783 1676 914 1739 πόλεων
943 1675 1145 1758 συναγαγὼν

127 1777 182 1844 καὶ
209 1782 353 1866 χρόνους
383 1779 462 1846 ὡσεὶ
490 1779 569 1846 δέκα
592 1781 929 1867 παρασκευασάμενος
953 1790 1025 1857 ταῖς
1045 1777 1144 1864 Ἀθή-

127 1910 203 1964 ναις
226 1886 449 1974 ἐπεχῶρλαζεν.

185 2045 371 2114 ΙΜαραθὼν
390 2045 456 2098 ante
476 2043 541 2115 δρος
559 2061 612 2100 om.
628 2044 720 2099 Pauw.
750 2077 783 2084 —
816 2051 832 2098 2
857 2043 1018 2098 ἀπώλλυντο
1034 2043 1091 2098 VH
1110 2074 1144 2085 —

129 2113 144 2168 δ
159 2131 213 2169 om.
224 2115 280 2168 VH
291 2146 324 2155 -
335 2113 494 2184 πολεμήσας
508 2114 730 2185 (πολεμήσαντας
739 2115 775 2185 V)
789 2117 854 2178 τοὺς
865 2111 1031 2184 Ἀθηναίους
1044 2114 1103 2170 VH
1113 2146 1144 2157 -

128 2192 145 2238 4
163 2185 229 2248 τοὺς
248 2183 291 2240 Πέ
309 2203 360 2249 σας
381 2185 491 2250 πάντας
513 2185 563 2241 καλ
581 2187 646 2250 τοὺς
667 2203 721 2243 om.
736 2188 762 2240 H
795 2219 829 2228 -
862 2192 878 2242 5
897 2187 1065 2256 συναγαγὼν
1083 2192 1145 2250 ταῖς

125 2251 257 2325 Ἀθήναις
292 2207 462 2340 δπεηωρίαζε
499 2255 618 2382 ἧρόνονς
654 2257 720 2313 ὡσελ
751 2255 821 2313 δέκα
862 2257 1145 2330 παρασαεναζόμενος

128 2327 283 2399 vulgoDd.,
301 2345 357 2382 mm
377 2329 453 2398 quod
470 2348 508 2384 vu
520 2346 557 2399 go
576 2329 662 2384 verba
680 2328 799 2400 χρόνους
814 2373 819 2386 .
837 2347 979 2398 ,παρασα
993 2329 1096 2384 desunt
1110 2360 1142 2370 -

129 2397 476 2526 6‘naqasssvoessdpevocV
505 2433 538 2442 —
567 2399 680 2470 ἀθήνας
700 2402 889 2472 ὑπεχωρίαζεν
907 2400 933 2453 Η
953 2432 986 2442 -
1007 2409 1021 2456 7
1042 2397 1144 2472 &2:³2oe-

130 2490 226 2542 ριασεν

196 2955 262 3021 483
273 2976 321 3038 sq.
366 2963 458 3018 ναῶν
487 2950 524 3019 δὲ
551 2952 661 3038 ταγοὶε
698 2955 733 3019 οἱ
758 2953 854 3039 ταγοὶ
878 2954 915 3021 δὲ
937 2954 992 3021 καὶ
1016 2957 1051 3022 οἱ
1071 2958 1146 3041 ήγε-

130 3065 230 3147 μόνες
261 3071 328 3126 τῶν
361 3058 585 3146 λελειμμένων
616 3071 704 3127 νεῶν
737 3062 846 3146 σύδην
877 3060 932 3128 καὶ
960 3063 1147 3147 ὁρμητικῶς

131 3171 305 3253 αἱροῦνται
328 3169 442 3254 φυγήν
470 3163 541 3234 κατ’
568 3163 673 3254 οὖρον
702 3169 764 3234 οὐκ
787 3169 963 3254 εὔκοσμον,
986 3170 1061 3252 ήτοι
1085 3171 1147 3236 οὐκ

130 3276 167 3342 ἐν
195 3275 368 3364 ἐπιτηδείῳ
396 3282 501 3363 ααιρρλ
529 3284 639 3361 φυγῆς
667 3275 862 3361 ἐδράξαντο·
894 3287 1058 3359 τροπικῶς
1081 3276 1146 3344 ἀπὸ

221 3442 235 3488 1
263 3433 398 3505 ἡγεμόνες
430 3433 490 3488 sine
519 3438 570 3490 art.
594 3433 621 3487 H
651 3466 682 3475 -
711 3440 727 3490 2
750 3442 827 3504 νηῶν
846 3433 880 3500 V,
912 3441 967 3488 τῶν
990 3442 1067 3504 νηῶν
1090 3444 1147 3491 τῶν

114 3504 287 3646 7λινέγοιμέναν
300 3507 327 3561 H
343 3537 375 3546 -
396 3512 412 3560 3
432 3512 534 3578 φορεῖν
547 3506 571 3560 V
586 3536 620 3546 -
639 3513 657 3560 4
674 3522 725 3578 pro
741 3512 833 3576 φνηής
852 3504 1018 3575 ἐδράξαντοι
1039 3504 1148 3577 ἔφαγον
