2430 3856
83 209 87 216 ·
113 177 155 240 12
543 180 699 232 SCHOLIA

112 336 359 408 μνηματισοὶμενοί
370 340 452 428 georr.
467 338 580 406 ὑπομν.)
594 355 683 406 φασιν
699 336 741 392 ὅτι
765 333 881 401 ἕαυτοθς
899 337 1010 408 λέγουσι
1029 341 1129 394 πιστώ-

112 429 187 478 ματα
209 411 327 478 Περσῶν
351 428 378 462 οι
400 408 473 462 κατὰ
495 409 545 462 τὸν
570 406 662 476 χορόν.
701 410 835 478 ἀγνοοῦσι
856 408 888 464 δὲ
907 408 950 465 ὅτι
967 409 1048 472 πόλις
1071 407 1130 466 ε’στὶ

111 479 236 549 Περσικὴ
257 483 406 549 Πίστειρα,
428 477 464 548 ἣν
485 479 630 549 συγκόψας
647 481 739 534 Πίστα
768 478 854 536 εἶπεν.
892 481 971 551 ἡμεῖς
994 484 1075 552 (corr.
1096 480 1129 551 ἢ

112 550 201 621 ἡμεῖς)
220 548 253 606 δέ
272 547 355 622 ἐσμεν
374 549 404 606 οἱ
419 549 513 605 πιστοὶ
531 551 780 620 χρηματοφόλακες
802 555 924 623 Περσῶν.

179 897 208 938 v.
228 874 328 958 Ssqq.
367 872 452 957 ἀμφὶ
476 870 513 938 δὲ
531 875 640 962 νόστῳ
659 883 704 961 τῷ
724 878 893 963 βασιλείῳε
918 876 1127 960 ταράσσεται,

111 983 210 1065 φησί,
238 978 293 1044 καὶ
320 983 517 1064 θορυβεῖται
544 980 564 1063 ἡ
593 981 683 1066 ψυχὴ
707 984 837 1046 ἔσωθεν
866 983 977 1066 (τοῦτο
1000 984 1064 1068 γὰρ
1088 985 1125 1048 τὸ

112 1087 223 1170 θυμὸς
247 1087 358 1173 δηλοῖ)
381 1088 465 1152 κακὰ
488 1087 716 1171 μαντευομένη
740 1087 816 1174 περὶ
839 1098 897 1172 τῆς
915 1089 1129 1174 ὑποστροφῆς

112 1202 173 1258 τοῦ
191 1191 317 1278 Ξέρξου
336 1191 391 1258 καὶ
410 1202 467 1277 τῆς
484 1195 700 1279 πολυχρύσου
720 1193 775 1259 καὶ
794 1199 955 1273 πλουσίας
974 1205 1129 1280 στρατιᾶς

86 1311 179 1376 ετῶν
198 1305 349 1384 Περσῶν.
382 1294 563 1385 Ὁμηρικῶς
583 1298 620 1364 δὲ
633 1311 766 1386 πρῶτον
780 1304 839 1368 τὸν
853 1301 989 1385 βασιλέα
1005 1301 1130 1387 ἔταξεν,

113 1401 182 1473 εἶτα
208 1411 287 1483 τοὺς
315 1407 492 1490 ὑπηκόους.
538 1405 620 1490 φησὶ
649 1410 712 1492 γὰρ
741 1407 928 1493 <“ομηρος>
952 1394 1133 1493 Ἥτρεΐδαί

111 1537 146 1579 τε
169 1512 224 1578 καὶ
247 1515 343 1579 ἄλλοι
366 1512 562 1598 εὐκυήμιδες
580 1510 722 1598 Ἀχαιοί’
748 1513 794 1602 (Α
814 1513 880 1602 17).

184 1679 199 1725 2
219 1670 307 1741 φησὶν
331 1667 440 1726 ἔσωθεν
462 1670 480 1740 ἡ
503 1669 580 1741 ψυχὴ
605 1671 654 1724 καὶ
677 1673 854 1744 θορυβεῖται.
891 1681 973 1727 τοῦτο
999 1673 1024 1726 Η
1045 1673 1127 1728 -τὸ

112 1743 198 1812 vulgo
218 1746 281 1810 om„
301 1741 316 1796 ὁ
335 1741 392 1796 VH
419 1773 451 1782 -
481 1747 497 1795 3
521 1742 666 1813 μαντεόαν
685 1744 771 1812 vulgo
782 1745 813 1809 V,
837 1742 1044 1814 μαντευόμενος
1065 1744 1127 1812 Dd.,

111 1814 331 1885 καταμαντεόωυ
349 1813 376 1867 Η
396 1845 429 1854 -
449 1815 513 1877 τοὺς
530 1814 596 1884 περὶ
614 1813 641 1866 Η
660 1847 694 1854 -
715 1823 729 1869 5
749 1823 846 1886 πρῶτοι
866 1817 889 1869 V
909 1847 943 1856 -
964 1825 979 1870 6
999 1814 1041 1870 ότι
1061 1817 1126 1870 ante

108 1883 244 1956 Ἀτρεῖδαι
261 1885 318 1939 VH

181 2687 222 2751 12
234 2708 281 2770 sq.
326 2695 415 2752 πᾶσα
443 2689 506 2773 γὰρ
536 2689 643 2774 όσχὺςτ
680 2697 768 2754 πᾶσα
796 2690 860 2772 γὰρ
888 2688 908 2771 η
938 2689 1080 2772 δύναμις
1106 2689 1127 2771 ἡ

108 2790 355 2877 Ἀσιατογενης,
383 2795 490 2877 ἤγουν
513 2795 533 2878 η
557 2796 707 2878 Περσικὴ
730 2795 750 2878 ἡ
775 2793 812 2858 ἐν
835 2801 874 2878 τῇ
895 2788 988 2879 Ἀσίᾳ
1010 2816 1128 2877 γεννη-

60 2881 64 2895 ’
111 2905 226 2982 θεῖσα,
257 2898 455 2984 παρεγένετο
483 2900 538 2966 καὶ
566 2901 733 2986 ἐπορεύθη
762 2900 843 2983 μετὰ
875 2908 936 2964 τοῦ
965 2897 1127 2982 βασιλέως

111 3009 159 3084 εἰς
181 3008 243 3090 την
262 3004 413 3073 Ἑλλάδα.

185 3172 199 3218 1
219 3163 237 3234 ἡ
256 3168 323 3220 ante
343 3164 463 3234 δύναμις
482 3179 537 3219 om.
556 3161 583 3216 H
602 3193 634 3202 -
655 3167 671 3216 2
690 3168 724 3234 τῇ
743 3177 798 3218 om.
816 3161 900 3216 HDd.

182 3329 223 3393 13
261 3327 340 3394 νεόν
358 3323 388 3391 δ’
412 3326 520 3411 ἄνδρα
538 3323 663 3409 βαΰζειτ
686 3327 760 3410 ἤτοι
780 3327 842 3410 την
860 3328 998 3410 νεότητα
1015 3336 1125 3392 πᾶσαν

186 3484 324 3540 llemma
346 3483 424 3538 extat
445 3481 476 3536 in
502 3482 557 3537 VH
581 3514 614 3524 —
639 3480 727 3554 ἤγουν
746 3484 771 3539 V
791 3515 825 3526 -
847 3483 899 3554 τὴν
920 3483 1003 3555 vulgo
1023 3501 1076 3542 om.
1094 3517 1126 3528 -

112 3553 164 3625 τὴν
183 3554 303 3626 νεότητα
321 3563 377 3611 τῶν
390 3556 508 3626 Περσῶν
526 3562 622 3611 πᾶσαν
635 3555 662 3609 Η
680 3585 716 3596 -
