2430 3856
517 197 728 249 PRAEFATIO.
1025 194 1132 247 XXVII

179 358 324 424 Transeo
362 359 402 422 ad
438 358 563 424 scholia
599 358 788 443 Byzantina.
849 357 938 435 Quae
977 358 1130 442 quoniam

113 467 290 532 maximam
323 466 556 550 glossematum
589 487 669 530 rece.
702 464 849 530 codicum
882 469 1009 548 partem
1043 487 1131 530 com-

112 575 313 659 plectuntur,
350 572 559 636 manifestum
597 576 647 636 est
683 594 721 636 ex
759 573 805 636 eis
843 593 970 657 quoque
1003 576 1130 637 textum

113 680 332 762 Aeschyleum
351 679 516 744 emendari
535 701 640 761 posse.
672 680 724 743 An
737 701 804 744 non
818 682 906 743 recte
922 678 1130 743 Hermannns

112 804 145 855 v.
170 785 239 851 242
264 789 387 871 κότερα
417 788 480 870 γὰρ
506 785 684 864 τοξουλκὸς
711 786 810 870 αἰχμὴ
841 786 896 849 διὰ
924 789 1019 871 χερός
1047 802 1131 868 σφιν

113 892 270 979 ἐμπρέπει
303 917 361 978 pro
395 893 526 957 traditis
560 894 666 957 verbis
699 895 821 978 πότερα
855 895 918 977 γὰρ
951 893 1131 971 τοξουλκὸς

114 1001 214 1086 αἰχμὴ
239 1001 295 1065 διὰ
318 1002 414 1084 χερὸς
438 999 551 1076 αὐτοῖς
574 998 690 1085 τρέπει
708 1000 853 1064 restituit
872 1022 910 1063 ex
930 1000 996 1065 sch.
1012 1001 1050 1082 A,
1074 1001 1130 1065 ubi

112 1108 246 1193 legitur:
270 1101 344 1192 ἆρα,
369 1112 463 1192 φησί,
487 1109 543 1172 διὰ
566 1118 634 1173 τῶν
657 1117 778 1192 χειρῶν
797 1106 910 1183 αὐτοῖς
934 1107 1129 1193 ἐμπρέπειὴ

111 1215 195 1299 βολὴ
231 1213 252 1298 ἡ
289 1213 417 1298 τοξική;
463 1215 606 1279 Possunt
642 1216 722 1280 haec
759 1217 859 1279 verba
900 1216 1009 1278 omnia
1047 1215 1130 1279 anti-

112 1322 270 1406 quissimo
301 1322 497 1387 scholiastae
520 1322 635 1404 tribui,
666 1321 695 1386 si
718 1323 814 1388 modo
839 1321 1017 1386 Roemerus
1041 1325 1128 1387 reete

111 1429 227 1494 statuit
249 1429 344 1494 illum
367 1429 583 1516 paraphrasin
607 1427 882 1514 conscripsisset)

176 1553 260 1619 Tum
288 1575 406 1620 moneo
440 1555 478 1620 de
506 1556 564 1620 illo
598 1555 884 1638 ὑκοκλιθήσονται
916 1556 1000 1639 quod
1030 1578 1129 1639 supra

111 1661 208 1747 tetigi
238 1658 283 1745 (p.
306 1658 413 1749 XXV)
443 1667 476 1726 et
507 1659 562 1726 καὶ
591 1672 648 1747 τῆς
676 1663 884 1748 ἀνατροφῆς,
916 1662 1043 1745 δηλαδὴ
1070 1670 1130 1745 τῆς

107 1771 235 1845 πόλεως
260 1765 306 1855 (p.
324 1767 460 1852 XXVI).

177 1893 261 1959 Tum
285 1893 381 1960 adv.
406 1891 486 1977 232,
510 1894 565 1977 qui
589 1893 634 1957 sio
658 1893 691 1957 in
711 1891 746 1956 M
768 1893 908 1957 traditus
933 1897 996 1958 est:

111 2018 117 2029 ’
153 2017 262 2083 πάντα
280 2018 432 2102 θήσομεν
456 2023 589 2083 θεοῖσιν
613 2029 682 2095 τοῖς
706 2013 734 2083 τ’
756 2020 874 2103 ἔνερθε
898 2025 958 2102 γῆς
982 2021 1093 2102 φίλοις

109 2143 190 2208 haec
214 2143 346 2228 scripsit
368 2143 581 2227 Byzantinus:

153 2269 262 2333 πάντα
281 2269 464 2352 ποιήσομεν
478 2279 547 2346 τοῖς
565 2293 599 2334 τε
614 2275 708 2346 θεοῖς
727 2267 783 2333 καὶ
797 2280 866 2346 τοῖς
883 2270 971 2334 καίτοι
986 2283 1127 2356 νεκροῖς.

111 2394 201 2470 Quae
226 2395 325 2458 verba
349 2393 388 2457 ad
413 2416 485 2458 eam
505 2395 676 2459 lectionem
696 2395 863 2479 quadrare,
888 2417 969 2478 quae
989 2400 1040 2459 est
1057 2405 1128 2472 τοῖς

109 2497 140 2565 τ’
172 2503 292 2585 ἔνερθε
323 2509 385 2584 γῆς
417 2506 568 2585 φθιτοῖς,
602 2501 740 2565 coniecit
772 2499 850 2564 Otto
883 2498 1061 2566 Sieversius
1093 2503 1129 2566 in

110 2612 171 2673 aot.
194 2629 259 2673 soc.
278 2608 401 2672 Ritsoh.
423 2631 452 2673 v.
471 2607 487 2670 Ι
505 2632 535 2692 p.
555 2608 630 2673 391.
678 2605 730 2672 Sic
754 2608 853 2672 etiam
877 2631 905 2672 v.
925 2607 991 2672 524
1014 2630 1127 2673 vocem

109 2721 248 2799 φθιτοῖς
275 2737 332 2798 per
355 2725 487 2799 νεκροῖς
513 2715 690 2779 scholiasta
714 2715 863 2799 explicat.
909 2715 1019 2802 Atque
1041 2717 1126 2782 idem

109 2821 435 2907 interpretamentum
472 2823 507 2886 in
544 2822 770 2906 antiquissimo
804 2823 912 2888 codice
945 2824 1126 2907 Aeschyleo

109 2929 291 2993 adhibitum
306 2950 376 2993 esse
391 2929 453 2994 hoo
467 2929 564 2994 liceat
579 2930 726 3014 exemplo
741 2930 974 2998 demonstrare.
1006 2931 1128 2997 Eume-

107 3035 220 3100 nidum
244 3037 330 3100 enim
355 3060 384 3101 v.
402 3037 445 3102 96
457 3059 503 3120 sq.
523 3037 569 3101 sio
593 3037 724 3101 exhibet
746 3036 794 3102 M:

179 3228 205 3297 *)
224 3231 295 3284 Item
312 3233 432 3301 possunt
450 3230 537 3284 verba
556 3231 613 3286 seh.
627 3228 651 3282 A
667 3235 719 3284 934
734 3230 798 3285 ἀντὶ
811 3239 861 3285 τοῦ
876 3227 985 3302 ἐμαυτῷ
1000 3230 1123 3293 καὶτοῖς

108 3317 253 3389 συγγενέσι
276 3339 330 3389 μου
353 3319 402 3374 καὶ
424 3327 458 3391 τῇ
481 3318 600 3394 πατρῴᾳ
623 3326 658 3389 γῇ
681 3319 771 3374 κακὸν
795 3317 945 3388 γενόμενος
966 3335 981 3372 e
1000 3319 1121 3373 vetustis

107 3407 223 3462 scholiis
241 3409 345 3463 hausta
364 3425 433 3463 esse.
472 3408 625 3463 Continent
638 3410 713 3462 certe
727 3424 823 3462 veram
839 3408 989 3461 lectionem
1002 3408 1122 3481 πατρῴᾳ

87 3513 180 3567 ,φνεν
203 3500 234 3552 in
256 3498 387 3552 omnibus
411 3497 492 3554 codd.
511 3499 643 3568 corrupta
665 3500 715 3552 est.
754 3495 810 3551 Sed
832 3497 928 3565 potest
950 3497 1123 3566 Byzantinus

108 3602 208 3642 vocem
226 3590 332 3663 τατρῖφ
351 3589 391 3643 sic
410 3587 604 3658 explicavisse.
