2430 3856
499 201 539 253 IN
558 200 589 253 V.
610 202 760 252 242-246.
1097 196 1140 261 85

121 358 289 446 (δωρίσκω
315 360 350 444 L,
373 364 534 444 θωρίσκω
559 361 601 447 G)
656 398 698 408 -—
720 360 871 447 ἀργύρου
893 362 997 444 πηγητ
1020 358 1059 425 ἐν
1080 363 1140 425 Θο-

119 469 183 552 μάμ
205 464 261 532 καὶ
280 470 420 556 Λαυρίχο
441 465 519 555 (γὰρ
539 491 601 533 om.
657 475 738 556 ρικῷ
756 468 822 552 γάρ
842 467 912 533 ἐστι
925 465 1070 552 μέταλλα
1081 465 1139 532 καὶ

120 575 157 658 G,
180 572 236 639 καὶ
255 578 296 639 Λ.
311 597 373 639 om.
388 575 457 656 BL,
481 577 602 661 λαυρία
657 574 694 641 ἐν
717 578 866 663 Λανρίςο.
887 610 927 622 -

121 679 164 766 G)
192 689 250 765 τῆς
280 678 425 764 Ἀττικῆς
452 681 603 766 ἀργύρου

120 787 263 872 μέταλλα
277 786 415 873 (μέταλα
426 785 496 876 GL)
508 786 603 852 BGL.

120 950 187 1014 242
216 944 279 1034 ἆρα
302 947 342 1014 V.
369 985 406 994 —
442 947 520 1026 τόξα
553 945 603 1011 ἕλ-
658 951 724 1014 242
747 947 858 1033 τοξικὴ
882 950 967 1033 βολη
991 945 1074 1034 (χλ).
1098 986 1136 995 -

119 1073 226 1121 κουσα
256 1055 296 1120 V.
342 1055 454 1139 τοξικὴ
489 1053 527 1118 G.
563 1090 601 1099 -

121 1165 207 1228 inker
216 1164 327 1249 χειρὸς
338 1168 369 1226 et
378 1161 496 1246 πρέπει
506 1161 603 1225 rubro

122 1293 280 1354 superscr.
294 1269 409 1345 αὐτοῖς
422 1267 462 1332 V.
481 1305 518 1314 -
539 1269 604 1332 243

121 1378 289 1459 οὐδαμῶς]
310 1374 488 1454 τοξουλκὸς
502 1374 542 1439 V.
563 1411 601 1420 -

121 1485 200 1568 ξίφη
224 1484 265 1548 V.
292 1520 328 1529 -
361 1479 399 1547 δὲ
425 1487 501 1567 post
524 1483 603 1565 ἔγχη

120 1594 153 1655 in
182 1597 261 1656 text.
283 1590 314 1655 V
338 1591 475 1655 illatum.
498 1629 543 1638 -
571 1587 604 1665 ἐξ

121 1692 169 1763 ὧν
193 1698 364 1780 συστάδην
387 1697 549 1782 μάχονται
561 1694 603 1758 V.
659 1696 723 1760 243
743 1697 820 1780 ἔγχη
847 1694 1001 1759 σταδαῖα
1026 1694 1061 1760 ἐκ
1079 1703 1140 1760 τοῦ

95 1805 263 1888 εστάσιμα
286 1803 384 1868 HBL
414 1800 482 1890 (καὶ
511 1799 602 1885 άμχέ-
658 1801 829 1886 συστάδην
865 1803 1049 1884 μαχόμενα·
1093 1796 1137 1866 δι’

121 1936 208 1996 μαχα
224 1911 373 1976 add.BL.
396 1907 513 1995 πρέπει
527 1907 603 1972 τού-
657 1904 706 1974 ὧν
731 1906 812 1997 (sive
836 1899 896 1990 οἷς,
921 1899 995 1973 οἷον
1014 1909 1061 1992 m)
1082 1925 1141 1973 συ-

120 2041 190 2095 τοις
221 2018 362 2102 στάσιμα
393 2017 498 2098 ἤγουν
527 2037 603 2079 κον·
658 2016 783 2100 στάδην
798 2016 967 2101 μάχονται.
986 2016 1140 2098 τοὺςγάρ

121 2126 218 2210 τάρια
255 2123 310 2190 καὶ
349 2121 516 2207 ἀγχέμαχα
549 2118 602 2206 G).
658 2123 694 2188 ἐκ
727 2122 959 2208 διαστημάτων
999 2120 1141 2208 μαχομέ-

120 2235 227 2318 ἧχουν
265 2231 301 2297 ἐκ
337 2239 397 2294 τοῦ
433 2228 603 2310 συστάδην
658 2255 740 2307 νονς
762 2227 1004 2314 κατηυτέλιξον.
1023 2269 1065 2276 -

121 2340 296 2424 μάχεσθαι.
342 2339 421 2413 τοὺς
462 2337 526 2419 γάρ
569 2333 604 2399 ἐκ

123 2445 355 2530 διαστημάτων
378 2447 605 2527 πολεμοῦντας

121 2551 354 2637 κατηυτέλιζον
381 2571 483 2634 marg.
503 2547 541 2613 G.
564 2585 601 2594 —

121 2661 303 2725 πανοπλίαι
326 2656 434 2722 HGL.
458 2693 500 2703 -·

121 2822 189 2886 244
212 2819 383 2904 βασιλεύς,
407 2816 541 2902 ἡγεμὼν
562 2815 604 2881 V.

122 2929 278 3009 βασιλεὺς
292 2925 332 2991 Η.
352 2925 485 3009 ἡγεμὼν
499 2923 602 3000 BGL,

122 3057 220 3118 supra
247 3034 323 3098 hoc:
350 3032 476 3117 ποιμὴν
500 3031 536 3096 G.
561 3067 603 3075 -

121 3141 186 3205 245
211 3139 334 3224 ἀνδρὸς
352 3139 391 3204 V.
411 3175 453 3186 -
