2430 3856
118 195 162 260 64
454 263 457 267 ,
548 197 705 250 εοΗοειΑ

89 357 171 425 ικαὶ
208 361 479 446 προσδιακρίνειν
516 360 552 424 τὸ
590 368 664 424 πάν.
724 355 969 446 vulgoP(Dd.).
1016 357 1067 424 De
1106 357 1134 424 Ο

41 523 47 538 .
118 467 182 532 vid.
205 467 225 530 l.
248 467 269 530 l.

119 631 134 679 ὅ
153 626 385 697 προσδιακρινεῑν
403 623 425 676 Ρ

189 789 331 872 179sqq.
377 791 513 864 πολλοῖς
541 783 601 871 μὲν
629 784 702 852 δαῖτ’
727 785 747 870 ἡ
768 785 913 851 ’Ἁτοσσά
940 803 1025 870 φησι
1052 786 1136 870 πρὸς

121 896 181 960 τὸν
202 895 317 980 χορόν·
340 894 447 958 πολλὰ
467 889 528 978 μὲν
547 894 725 978 νυκτερινὰ
745 893 899 979 ὀνείρατα
918 893 1138 978 φαντάζομαι,

73 1008 77 1015 ’
121 1001 154 1081 ἐξ
177 995 218 1066 οὗ
236 1011 356 1087 καιροῦ
376 1000 393 1065 ὁ
414 1000 491 1085 ἐμὸς
509 1011 586 1078 παῖς
605 1000 622 1066 ὁ
638 999 762 1086 Ξέρξης
781 1002 976 1085 διακομίσας
995 1000 1139 1085 στρατὸν

120 1108 297 1193 πορεύεται
324 1104 379 1172 καὶ
409 1108 542 1172 ἄπεισιν
571 1109 618 1184 είς
640 1108 701 1190 τὴν
729 1116 792 1192 γῆν
819 1117 887 1172 τῶν
914 1104 1052 1173 Ἰαόνων
1080 1104 1140 1172 θέ-

95 1220 192 1283 ελων
220 1207 428 1301 ἐκπορθῆσαι
456 1214 574 1299 αὐτην,
602 1211 673 1278 ἀλλ’
698 1215 852 1299 οὐδαμῶς
875 1224 1031 1289 τοιοῦτον
1055 1215 1139 1298 ὄναρ

122 1323 271 1408 φανερὸν
295 1316 387 1386 εἶδόν
410 1343 501 1405 ποτε,
530 1321 639 1406 ὥσπερ
664 1318 717 1386 ε’πὶ
739 1329 797 1405 τῆς
819 1321 1055 1405 παρελθούσης
1080 1345 1141 1386 νυ-

121 1432 206 1506 κτός.
251 1427 333 1508 λέξω
371 1426 411 1493 δέ
445 1446 499 1495 σοι
535 1437 643 1494 τοῦτο.
693 1426 804 1493 ἰστέον
841 1425 893 1510 δέ,
930 1428 982 1493 ὅτι
1014 1423 1141 1505 Ἰάονες

123 1537 158 1601 οί
176 1532 349 1620 Ἀθηναῖοι
372 1533 526 1619 λέγονται
552 1537 588 1600 ἔκ
611 1558 703 1612 τινος
727 1533 854 1611 Ἰάονος
880 1535 1141 1618 βασιλεύσαντος

123 1643 244 1711 αὐτῶν.
290 1641 437 1708 ἐνταῦθα
465 1639 502 1707 δὲ
530 1642 663 1728 άρχεται
698 1643 888 1725 διηγεῖσθαι
917 1641 977 1705 τὸν
1005 1642 1140 1728 ὄνειρον

84 1776 110 1816 10
123 1753 182 1815 καί
207 1766 322 1835 φησιν,
351 1749 401 1814 ὅτι
431 1746 591 1832 ἐδοξάτην
618 1771 675 1832 μοι
704 1744 794 1832 (ἀντὶ
820 1755 882 1812 τοῦ
909 1745 1141 1831 ἐνομίσθησαν

123 1855 259 1943 δυῖκῦς)
291 1857 353 1922 δύο
384 1867 540 1940 γυναῖκες
570 1856 617 1932 εἰς
647 1856 797 1940 θεωρίαν
827 1878 885 1939 μοι
915 1851 1028 1919 ἐλθεῖν
1055 1855 1141 1920 καλὰ

123 1973 292 2050 φοροῦσαι
321 1964 447 2048 ίμάτια,
475 1963 496 2047 ἡ
524 1966 582 2048 μία
611 1960 673 2046 μὲν
701 1958 930 2047 κεκοσμημένη
959 1966 1142 2046 Περσικοῖς

125 2072 280 2154 ίματίοις,
308 2070 329 2153 ἡ
358 2066 395 2134 δὲ
425 2067 519 2154 ἑτέρα
546 2074 729 2154 Δωρικοῖς,
758 2069 804 2156 τῷ
833 2066 968 2153 μεγέθει
995 2090 1031 2133 τε
1058 2069 1143 2134 κατδι

123 2179 210 2241 πολὺ
230 2176 473 2262 εὐπρεπεστάτα
493 2177 632 2262 (δυῖκῶς
649 2173 923 2262 εὐπρεπέσταται)
941 2171 996 2240 καὶ
1015 2173 1141 2260 ἀμώμω

84 2307 110 2348 15
124 2282 179 2349 καὶ
202 2285 334 2368 άμωμοι
357 2282 394 2348 ἐν
417 2291 463 2371 τῷ
487 2283 612 2348 κάλλει·
635 2284 710 2366 ἤτοι
730 2282 791 2346 ούκ
809 2276 901 2367 εἶχον
920 2279 1045 2366 μέμψιν
1064 2284 1144 2348 τινὰ

124 2392 266 2457 κατὰτὸ
289 2390 417 2467 κάλλος.
454 2385 541 2474 ἦσαν
561 2386 598 2454 δὲ
617 2388 769 2472 ἀδελφαί,
793 2386 849 2454 καὶ
872 2388 892 2472 ἡ
916 2385 977 2473 μὲν
1000 2386 1144 2478 κατῴκει

125 2498 186 2581 τὴν
214 2495 357 2563 Ἑλλάδα
387 2506 451 2582 γῆν
480 2495 517 2562 ἐκ
546 2499 673 2581 κλήρου
703 2497 827 2580 ταύτην
860 2500 1021 2579 λαχοῦσα,
1051 2495 1073 2580 ἡ
1106 2494 1144 2563 δὲ

126 2606 231 2690 <την>
250 2614 315 2689 γῆν
333 2607 548 2691 βαρβαρικήν.
587 2603 630 2689 Η,
644 2604 766 2689 partim
782 2599 1057 2690 vulgoP(Dd.)V.
1094 2603 1145 2670 De

126 2710 152 2775 Ο
178 2713 240 2778 vid.
260 2714 280 2776 l.
300 2713 321 2776 l.

199 2892 212 2939 1
235 2885 350 2939 Initium
368 2885 410 2940 sic
428 2885 458 2939 in
476 2885 514 2941 V:
547 2883 615 2956 ὴἌ.
634 2903 722 2956 φησιν
746 2885 788 2940 ὅτι
811 2893 976 2956 νυκτερινοῦ
999 2884 1146 2956 ὀνείρατος

127 2956 305 3027 φαντάζομαι
325 2953 378 3027 ἀφ’
400 2952 433 3012 οδ
452 2965 562 3028 καιροῦ,
581 2957 611 3011 in
628 2957 668 3011 H:
687 2954 750 3026 2301.
766 2975 853 3026 φησιν
869 2954 911 3011 δτι
925 2954 976 3027 μὲν
991 2957 1146 3029 νυκτερινὰ

127 3028 260 3100 ὀνείρατα
284 3027 462 3099 φαντάζομαι
487 3025 516 3096 ἐξ
540 3024 573 3084 ού
596 3036 697 3098 καιροῦ
732 3059 764 3068 -
799 3034 814 3082 3
839 3027 854 3082 δ
878 3031 943 3082 ante
962 3025 1071 3098 Ξέρξης
1089 3046 1146 3085 om.

126 3101 183 3154 VH
221 3133 254 3140 -
292 3106 431 3156 ῦτοῦτον
450 3102 476 3155 Η
514 3132 547 3141 -
585 3107 692 3155 6ποτε
714 3099 751 3163 ὡς
768 3099 911 3170 πάροιθεν
931 3098 980 3154 καὶ
999 3095 1045 3154 ἐπὶ
1064 3100 1090 3155 V
1111 3133 1145 3142 -

128 3178 143 3226 7
169 3169 261 3227 ίστίον
288 3188 376 3240 usque
402 3171 440 3226 ad
464 3171 511 3227 fin.
531 3170 623 3226 om.P
656 3203 688 3211 -
722 3177 738 3225 9
763 3167 891 3227 ἐνταῦθα
918 3188 1008 3239 usque
1034 3170 1072 3224 ad
1096 3171 1145 3229 fin.

127 3261 182 3301 om.
201 3243 346 3315 vulgoDd.
371 3275 406 3284 —
433 3243 465 3298 τὸ
489 3241 600 3313 ύνετρον
618 3242 644 3298 V
664 3274 697 3282 —
729 3249 763 3297 10
791 3245 844 3298 καί
873 3260 960 3313 φησιν
988 3258 1078 3311 usque
1107 3244 1148 3298 ad

127 3316 173 3369 fin.
193 3332 248 3370 om.
269 3314 302 3384 V,
321 3313 371 3369 ubi
389 3315 459 3369 haec
477 3315 602 3369 tantum:
632 3311 770 3384 ἐδοξάτην
786 3335 837 3397 μοι
859 3315 911 3370 δύο
934 3310 1049 3385 γυναῖκ’
1071 3315 1148 3370 εὐεί-

127 3406 196 3456 μονε
215 3390 299 3455 atque
319 3404 354 3441 ea
372 3385 486 3454 quidem
504 3384 648 3440 lemmassis
662 3385 725 3441 Ιοοο
739 3385 770 3439 in
784 3385 865 3441 mitio
881 3385 966 3440 schol.
985 3390 1035 3441 188
1049 3385 1147 3455 posita

125 3488 159 3496 -
178 3464 214 3511 1³
232 3457 379 3512 καταπολῦ
392 3456 419 3510 Η
438 3488 472 3497 -
493 3463 526 3511 14
541 3456 753 3528 εὐπρεπεστάτη
767 3461 870 3522 δυἰκῶς
884 3454 1105 3528 εὐπρεπέστατον
1119 3459 1147 3514 Η

91 3573 136 3637 (1‘11
155 3577 240 3632 textu
257 3581 382 3640 fabulae
401 3551 631 3660 εύπρεπεοτάάά
650 3586 691 3659 Η)
