2430 3856
496 198 535 248 IN
553 199 585 250 V.
605 200 719 249 35-40.

94 353 181 441 ἦσαν
217 360 291 423 τότε
328 359 364 423 ολ
397 351 578 441 Αἰγύπτιοι
632 352 635 356 ’

96 464 239 550 Περσῶν
254 464 292 530 G.
316 466 423 548 ἤγουν
444 465 507 529 ἀπὸ
522 474 579 549 τῆς

94 571 578 656 Αἰγύπτον.ὑποχείριοι(ὑπο·
633 572 677 637 35
705 567 793 648 τινὲς
827 572 996 655 διαιροῦσι
1026 575 1116 636 Σου-

95 678 212 764 χώριοι
236 676 321 766 cod.)
345 681 409 763 γὰρ
436 673 523 760 ἦσαν
547 677 582 743 ολ
633 677 793 762 σισκοὶνης
812 675 955 766 (Σοῦσις
974 674 1029 742 καὶ
1047 677 1116 741 Κολ-

96 786 275 869 Αλγύπτιοι
298 796 365 851 τῶν
388 791 532 870 Περσῶν
542 784 577 849 L.
632 809 693 869 νης
707 783 839 872 Blomf.)
858 783 915 850 καὶ
929 784 1047 868 Πηγάς
1061 781 1116 848 καὶ

94 892 281 978 ὑποχείριοι
327 893 392 978 γὰρ
435 897 578 977 Περσῶν
637 891 765 974 Τοιγών.
811 893 852 957 τοὶ
878 891 943 976 γὰρ
969 890 1116 975 ὀνόματα

80 995 182 1083 ’ἦσαν
196 1001 377 1084 Αἰγύπτιοι
387 1000 425 1064 Β.
437 1036 475 1047 -
490 1003 578 1063 Σον-
632 996 777 1064 πέπλακε
795 997 850 1064 καὶ
871 998 933 1064 οὐκ
951 999 1043 1063 ἔστιν
1055 998 1116 1061 Αλ-

96 1107 270 1193 οισκάνης]
317 1109 422 1172 λείπει
467 1108 505 1171 τὸ
546 1109 582 1170 οἳ
633 1107 807 1189 γνπτιακολ
832 1143 872 1152 -

95 1210 182 1298 ἦσαν
201 1215 242 1280 Η.
265 1209 353 1298 ἦσαν
373 1211 410 1279 δὲ
430 1207 523 1278 οὗτοι
542 1211 579 1276 B.

95 1317 138 1405 ἦν
163 1321 199 1386 G.
225 1359 264 1368 —

96 1536 138 1600 37
164 1536 220 1600 διὰ
249 1536 287 1600 τὸ
311 1533 511 1601 ἀνακεῖσθαι
534 1541 579 1619 τῷ

96 1642 179 1729 ἡλίῳ
189 1642 229 1708 V.
243 1678 279 1688 -
295 1641 316 1724 ἡ
330 1644 427 1717 πόλις
440 1640 460 1723 ἡ
476 1641 580 1722 Αἰγύ-

96 1771 185 1813 πτου
200 1746 375 1835 (αλγνπτος
393 1744 476 1832 cod.)
487 1745 528 1810 V.
540 1783 577 1792 -
675 1801 678 1808 .

97 2069 139 2134 38
164 2069 221 2144 τὰς
240 2066 526 2143 ἑκατοντατύλονς
540 2065 579 2131 V.
634 2071 676 2137 38
701 2071 887 2153 Αἰγυπτίας
895 2066 1116 2158 (Αἰγυπτίους

97 2176 155 2251 τὰς
174 2175 313 2259 ἀρχαίας
330 2175 388 2251 τὰς
407 2173 580 2240 ἑκατοντα-
634 2175 692 2266 m).
716 2215 757 2224 -

98 2283 205 2358 πύλας
224 2279 482 2366 (ἑκατοντάπλας
496 2277 579 2367 cod.)

97 2387 139 2453 H.
149 2390 208 2464 τὰς
216 2387 365 2464 παλαιάς.
377 2387 465 2472 λέγει
476 2384 514 2452 δὲ
523 2388 581 2463 τὰς

98 2493 385 2572 ἑκατονταπύλονς
408 2496 443 2560 Β.
469 2532 506 2542 -
537 2496 579 2559 39

98 2601 274 2687 ἐπιτηρῶν,
285 2601 525 2686 διεξάγωνἮι.
539 2638 578 2647 -

96 2709 141 2774 40
151 2707 579 2792 πλοίωνῨ.-κοπηλάτιιι
633 2711 677 2776 40
702 2708 757 2776 κοιλ
786 2707 984 2794 ἑλειοβάταιε
1018 2709 1053 2774 ολ
1077 2711 1115 2775 τὸ

96 2815 173 2880 VH.
196 2853 233 2863 —
632 2818 821 2901 Αἰγύπτιον
843 2816 918 2894 ἕλος
937 2819 1115 2893 οἰκοῦντες

150 2923 299 2988 [demin
323 2942 425 3006 marg.
450 2919 525 3003 GL,
632 2923 798 3009 ἣκοινῶς
815 2925 1005 3008 Αἰγύπτιοι.
1035 2921 1115 2988 ἑλώ-

96 3031 160 3095 nisi
198 3029 284 3114 quod
321 3029 357 3094 ολ
390 3029 579 3111 Λννύπτιον
627 3031 694 3115 Ι3ης
720 3032 784 3116 γὰρ
813 3031 834 3115 ἡ
859 3037 1036 3114 Αἴγυπτος.
1082 3029 1119 3094 ολ
1143 3097 1145 3101 ⁴

96 3135 172 3213 ἕλος
200 3137 234 3201 ολ
254 3185 261 3201 .
285 3135 325 3219 L,
364 3135 399 3200 ολ
427 3134 476 3200 δέ·
504 3131 580 3199 ἀντὶ
635 3136 687 3202 δέ·
710 3138 746 3203 ολ
760 3135 816 3203 καὶ
836 3135 889 3202 ἐπὶ
907 3137 1004 3213 ἕλους
1020 3135 1115 3200 ἐλαύ-

96 3252 157 3308 τοῦ
184 3241 237 3308 ἐπὶ
266 3241 362 3320 ἕλους
390 3242 464 3328 GL,
496 3251 580 3319 νοῦς
634 3267 707 3309 νειν
723 3244 906 3327 δυνάμενοι
921 3250 1014 3323 ναῦς,
1034 3242 1117 3326 ὅπερ

56 3397 58 3400 <
96 3350 178 3433 ὅπερ
201 3355 270 3416 κτλ.
289 3373 353 3416 om.
372 3349 492 3416 GL.—
634 3348 704 3416 ἐστὶ
713 3360 781 3415 τῶν
793 3347 1071 3431 ἃοοςεοεοτοτοιο
1081 3375 1129 3399 .—
