2430 3856
482 193 522 243 IN
540 193 572 246 V.
592 195 743 246 851-862.

101 352 227 436 ἐσθῆτα
243 352 282 418 V.
304 390 341 398 —-
364 353 428 418 851
454 351 584 437 *ἤγουν

102 461 213 544 ἱμάτια
237 459 370 545 λαμπρὰ
389 459 429 526 V.
453 497 491 507 -
518 461 583 526 852

40 617 45 629 ,
103 576 274 631 συναντᾶν
297 566 336 631 V.

101 674 166 740 853
182 674 223 738 οὐ
237 675 301 759 γάρ
315 673 411 758 ἡμεῖς
423 674 464 738 τὰ
479 674 583 739 οἰκεῖα

101 777 216 867 (ὅμοια
232 778 325 867 eod),
346 783 425 857 τοὺς
440 782 584 858 οἰκείους

101 887 254 972 (ὁμοίους
290 885 375 976 cod.)
414 890 583 972 δηλονότι,

100 993 269 1079 πράξομεν
292 995 331 1061 V.
358 1033 396 1044 ·-

101 1103 167 1166 854
190 1099 281 1185 *φεῦ
295 1101 336 1168 V.
355 1140 396 1150 -
418 1105 523 1180 ὄντος
541 1102 581 1169 V.

103 1245 141 1254 —
158 1210 315 1292 μεγάλας]
336 1211 379 1294 *η
396 1231 492 1294 super
508 1233 527 1274 a
541 1208 581 1274 V.

101 1351 139 1361 -
153 1316 188 1380 In
206 1336 306 1400 marg.
322 1315 382 1381 GL
397 1321 447 1381 esss
461 1317 526 1382 seh.
537 1315 581 1398 M,

100 1422 156 1485 sed
177 1428 414 1507 θαυμαστικῶς
433 1446 504 1506 om„
529 1423 581 1488 εὐ-

100 1529 297 1613 τυχημάτων
320 1531 411 1594 deest
434 1530 468 1594 in
487 1530 522 1594 L.
537 1566 582 1577 -

101 1636 166 1700 855
185 1638 355 1721 εἰρηναίας
366 1635 405 1702 V.
417 1674 456 1684 —
474 1638 581 1719 *ζωῆς

99 1741 138 1808 V·
162 1779 204 1789 .-

99 1955 164 2020 856
188 1955 393 2042 άπετάχομεν
408 1955 483 2022 VG.
509 1956 580 2023 έπε-

97 2062 241 2147 τάχομεν
264 2062 332 2128 BL.
354 2101 394 2112 —
414 2063 579 2148 *ὁπηνίκα

99 2168 139 2234 V.
163 2206 206 2216 --
235 2172 299 2236 857
325 2169 368 2236 *ὁ
398 2170 509 2257 ἀρκῶν
533 2173 580 2248 εἰς

97 2275 223 2354 πάντας
236 2276 277 2342 V.
292 2315 334 2324 -
351 2277 415 2343 858
440 2278 481 2343 *ὁ
502 2277 580 2343 άκα-

99 2384 285 2468 ταμάχητος
336 2382 580 2471 (άκταμάχητος

97 2487 181 2578 cod.)
214 2490 254 2554 V.
285 2529 327 2537 —
366 2491 431 2556 859
467 2487 580 2576 ἦρχεν,

98 2596 287 2681 ἐβασίλευε,
314 2596 401 2662 infra
429 2619 511 2682 quae
538 2599 579 2662 ab

98 2706 153 2768 ast.
178 2727 220 2768 m.
244 2703 289 2788 *η
318 2726 415 2787 super
443 2729 464 2769 α
490 2705 579 2769 vocis

97 2804 176 2894 ἆοιε
205 2810 244 2876 V·
271 2849 315 2858 -
348 2810 470 2896 ιώοαο]
499 2813 580 2895 *τῆς

97 2915 136 2980 V·
162 2953 203 2962 ..

638 1102 704 1167 854
725 1108 963 1187 θαυμαστικῶς
984 1105 1120 1188 σύγκρι-

638 1227 694 1274 σιν
716 1220 860 1274 ποιεῑται
883 1219 950 1275 τῶν
974 1209 1026 1274 ἐπὶ
1050 1216 1118 1275 Δα-

637 1319 730 1403 ρείου
768 1316 1004 1400 εὐτυχημάτων
1035 1319 1118 1400 πρὸς

635 1424 675 1488 τά
702 1432 767 1489 νῦν
794 1423 887 1488 κακά.
920 1461 958 1470 -
994 1424 1059 1489 855
1083 1427 1117 1488 in

635 1536 780 1596 extremo
812 1531 958 1616 margine
983 1534 1116 1597 ..ονό-

635 1660 701 1720 μου
732 1633 875 1722 (initium
904 1638 1054 1703 vocabuli
1082 1639 1116 1702 in

636 1743 880 1828 compingendis
909 1744 995 1809 foliis
1030 1744 1116 1809 abla-

634 1849 730 1938 tum).
744 1887 782 1898 -

98 3024 164 3087 860
205 3021 259 3088 καὶ
300 3027 501 3110 περιβοήτου
539 3024 580 3090 V.
635 3025 701 3089 860
718 3033 833 3108 πρῶτα
847 3020 907 3108 μὲν
922 3023 1115 3106 εὐδοκίμους

97 3133 351 3217 τροπαιοφόρον
379 3130 417 3197 G.
444 3169 482 3179 -
513 3131 576 3198 861
633 3126 848 3214 πρῶτονμὲν
867 3131 949 3195 κατά
968 3132 1114 3213 πόλεμον

97 3233 174 3301 *καὶ
203 3236 242 3300 V.
274 3275 317 3284 -
351 3239 416 3303 862
449 3235 578 3322 *ἤγουν
635 3239 691 3302 διά
702 3237 1115 3323 στρατιάςεύδοκιμοῦμεν

99 3344 135 3407 οἱ
173 3348 280 3422 καλῶς
325 3341 579 3422 πολιτευθέντες
633 3341 689 3408 καὶ
722 3343 876 3429 ὁρμῶμεν
908 3344 990 3408 κατά
1020 3365 1115 3406 νευο·

95 3451 194 3532 νόμοι
222 3450 262 3516 V.
289 3489 326 3498 -
357 3450 487 3535 *ἤμουν
516 3452 578 3535 τὴν
633 3449 776 3536 μισμένα
805 3453 870 3534 ἔθη
897 3460 971 3523 ταῖς
998 3451 1122 3511 πόλεσι

95 3559 197 3620 πόλιν
218 3556 313 3642 ἡμῶν
333 3557 371 3625 V.
397 3597 439 3606 —
465 3557 585 3647 ἴστων,
640 3567 719 3636 ταῖς
736 3553 1025 3642 πορθουμὲυαιςι
1037 3544 1085 3604 &s
1099 3560 1159 3597 W
