2430 3856
472 199 513 248 IX
529 199 562 250 V.
582 202 733 252 643-658.
1049 195 1113 260 189

94 361 160 427 643
183 354 577 442 νᾶ]ὧῩ.-644καὶ

94 477 161 532 τῶν
179 477 310 551 νεκρῶν
323 466 364 533 V.
381 504 421 514 —
437 468 503 533 645
516 470 576 534 τὸν
631 469 699 534 645
727 469 787 533 τὸν
809 470 1045 553 καταχθόνιον.
1071 504 1113 513 -

93 578 243 658 Δαρεῖον
265 573 306 638 V.
343 611 386 621 —
424 576 491 640 646
521 573 577 640 καὶ
631 576 697 640 646
734 573 888 641 αἰνέσατε
927 574 1043 640 ἐλθεῖν
1080 573 1113 653 ἐξ

95 680 301 764 συναρήξατε
321 689 459 765 ποιῆσαι
477 690 576 747 τοῦτο
622 679 751 748 Ἅιδου.
777 721 814 729 -
1032 670 1035 675 ’

94 786 135 853 V.
161 824 203 834 —
227 798 295 853 τῶν
314 786 433 854 ’Ἅιδου
458 790 579 872 δηλον-

95 895 153 958 dn
175 893 216 958 V.
247 932 289 941 -
326 896 390 961 647
422 899 577 978 Σουσιγ]

96 1001 177 1064 ὄντα
204 999 245 1066 V.
278 1039 321 1050 —-
356 1003 480 1088 648sq.
512 997 578 1069 ὧδε

96 1098 167 1184 οἷος
195 1102 240 1192 ἦν
269 1110 334 1192 πρὸ
361 1118 423 1176 τοῦ
451 1109 578 1176 ἀποθα-

95 1225 168 1278 νεῖν
191 1214 230 1280 V.
257 1251 295 1262 -
347 1289 350 1293 ¹

97 1464 163 1528 650
196 1466 301 1542 ὄντας
323 1465 464 1531 VBGL.
489 1506 531 1515 -
560 1467 579 1532 ὁ

96 1575 243 1655 Δαρεῖος
287 1571 328 1638 V.
379 1612 422 1620 —
474 1574 581 1658 τάφος
635 1573 701 1638 650
719 1573 827 1656 τάφος
841 1570 989 1658 (scripsit
1003 1569 1114 1657 M).-

96 1676 239 1752 VBGL.
270 1715 314 1726 -
346 1680 409 1746 651
442 1681 580 1764 κρύπτει

98 1783 135 1850 G.
160 1787 305 1870 ἔκρυψεν
327 1786 396 1851 BL.
420 1823 457 1833 -
485 1785 503 1852 ὁ
527 1786 580 1850 τά·

98 1916 162 1976 φος
186 1895 343 1977 δηλονότι
365 1893 405 1958 V.
430 1930 471 1940 -

99 2409 165 2475 652
189 2409 398 2493 ἀνακομίζων
424 2413 504 2486 τοὺς
528 2434 581 2477 νε-

98 2517 202 2601 κροὺς
233 2515 273 2581 V.
310 2553 347 2563 —
384 2518 449 2583 653
481 2515 582 2582 *εἴθε
637 2518 703 2582 654
726 2517 785 2581 τὸν
807 2512 915 2600 μόνον
934 2516 1118 2598 γενόμενον

99 2621 290 2708 ἀναπέμψω
310 2621 351 2688 V.
370 2660 412 2669 -
437 2624 504 2689 654
526 2621 583 2708 μέ·
636 2622 774 2707 βασιλέα
803 2623 859 2688 διὰ
882 2622 920 2687 τὸ
942 2622 1119 2707 κηδεμονι-

99 2753 165 2813 γαν
187 2729 227 2795 V.
253 2764 298 2778 -
327 2729 467 2815 ἄνακτα]
497 2728 583 2815 λέγω
636 2732 707 2796 κόν.
744 2732 831 2796 ἔοικε
862 2725 899 2794 δὲ
926 2729 945 2795 ὁ
974 2733 1120 2814 Δαρεῖος

99 2835 140 2901 V.
162 2875 200 2883 —
227 2839 390 2923 Δαρειὰν]
416 2838 527 2921 ψυχὴν
542 2837 583 2903 V.
638 2834 693 2903 καὶ
716 2838 867 2921 Δαρειᾶν
894 2835 1061 2922 λέγεσθαι.
1099 2835 1119 2920 ἢ

100 2981 144 2990 —-
172 2967 222 3029 γρ.
253 2945 358 3021 ὄντας
381 2943 420 3008 V.
448 2981 486 2991 -
518 2945 583 3010 655
637 2945 699 3028 τὴν
723 2947 873 3030 Δαρείαν
901 2945 1012 3029 ψυχὴν
1040 2943 1120 3007 ἀνά-

99 3049 271 3115 ἀαώλεσεν
289 3049 328 3116 V.
350 3088 388 3099 -
414 3052 480 3117 656
504 3039 589 3135 βλάζ
628 3061 779 3136 ’πεμψον
807 3086 845 3100 -

100 3160 176 3240 βαις
198 3157 238 3223 V.
264 3195 303 3205 -

100 3265 165 3332 657
200 3265 347 3332 ἐκαλεῖτο
370 3266 410 3332 V.
444 3304 482 3315 -
517 3269 583 3336 658

100 3373 190 3457 παρὰ
213 3385 281 3439 τῶν
304 3374 343 3439 V.
367 3412 411 3422 -
