2430 3856
490 183 701 235 PRAEFATIO.
1040 185 1106 236 XXI

85 343 187 409 fuisse
216 343 359 429 videtur,
392 344 478 428 quod
505 345 538 408 in
564 344 594 408 V
618 344 757 429 legimus
790 343 986 429 ἀπήρκεσαν,
1019 347 1104 409 unde

89 450 277 516 coniectura
295 450 418 515 factum
438 455 490 516 est
508 450 710 535 ἀπήρκεσαν,
729 452 815 536 quod
835 452 890 515 alii
909 453 1106 517 recentiores

86 556 252 622 exhibent.

152 700 185 748 v.
201 679 271 747 235
292 683 327 747 in
343 682 372 747 V
388 680 510 771 (ParA
525 682 694 749 Lambeth.
712 683 909 768 adscriptum
924 684 959 748 in
968 682 1103 770 Par.B):

45 871 49 879 .
131 792 210 871 τῆλε
232 790 316 875 πρὸς
340 790 470 874 δυσμὰς
493 790 635 866 ἄνακτος
654 787 772 855 Ἡλίου
795 789 1051 875 φθινασμάτων,

86 897 121 961 in
144 895 178 960 H
202 900 252 960 eat
276 897 405 982 δυσμὰς
429 900 574 962 correcto
599 919 663 962 acc.
682 897 888 963 circumflexo
913 898 947 963 in
967 900 1106 977 acutum,

78 992 123 1067 ⁸in
156 1001 193 1068 M
221 1000 265 1088 (G
294 999 446 1091 aliisque)
476 1003 627 1089 δυσμαῖς.
681 1003 885 1089 Praepositio
916 1005 1000 1090 πρὸς
1033 1026 1106 1068 cum

88 1109 199 1176 dativo
219 1110 395 1177 coniuncta
413 1111 590 1196 signifieat:
611 1111 696 1196 apud
712 1111 752 1176 ad
773 1111 873 1194 iuxta,
891 1113 981 1176 velut
998 1110 1106 1177 Prom.

86 1239 115 1283 V·
130 1217 278 1302 833⁸qq·
628 1273 796 1358 τηλουρὸν
821 1267 858 1336 δὲ
881 1280 946 1354 γῆν

179 1380 182 1385 ’
250 1376 338 1461 ἥξεις
360 1379 517 1444 κελαινὸν
541 1382 652 1463 φῦλον
676 1381 711 1444 οἳ
730 1379 814 1462 πρὸς
836 1377 935 1461 ἡλίου

248 1488 382 1551 ναίουσι
407 1495 538 1568 πηγαῖς,
564 1489 649 1550 ἔνθα
672 1487 818 1570 ποταμὸς
841 1487 982 1564 Αἰθίοψ.

89 1643 152 1711 Sed
175 1645 284 1730 notio,
308 1668 389 1730 quae
411 1645 443 1712 h.
463 1646 484 1711 l.
507 1646 690 1731 flagitatur,
713 1643 851 1712 ‘versus'
875 1647 904 1710 ei
925 1650 1107 1712 structurae

85 1752 183 1838 inest,
197 1775 263 1839 qua
282 1753 486 1818 accusativus
507 1752 690 1818 adhibetur.
722 1753 897 1836 Praecipue
916 1752 997 1816 haec
1015 1752 1108 1836 poni·

88 1862 144 1924 tur
168 1858 209 1924 ad
232 1859 341 1942 verba,
364 1882 446 1944 quae
470 1859 622 1925 movendi
646 1860 789 1943 aliquam
810 1858 970 1923 rationem
989 1858 1108 1943 valent,

86 1968 125 2031 ut
147 1964 255 2031 Prcm.
273 1989 303 2030 v.
324 1967 389 2032 733

200 2136 335 2211 πρῶτον
357 2122 419 2211 μὲν
443 2121 577 2192 ἐνθένδ’
599 2127 697 2210 ἡλίου
720 2128 803 2213 πρὸς
827 2126 968 2205 ἀντολὰς

200 2231 370 2319 στρέψασα
395 2233 522 2318 σαυτὴν
546 2231 646 2318 στεῖχ’
668 2233 854 2318 ἀνηρότους
876 2235 970 2317 γύας,

85 2394 164 2460 ibid.
187 2416 215 2460 v.
240 2394 303 2459 817

198 2537 281 2623 πρὸς
304 2535 447 2613 ἀντολὰς
470 2541 652 2622 φλογῶπας
674 2535 874 2620 ’ἡλιοστιβεῖς

198 2646 327 2709 πόντου
350 2655 484 2727 περῶσα
507 2647 686 2728 φλοῖσβον,

41 2796 45 2803 ·
85 2787 149 2871 Ag.
173 2810 202 2852 v.
228 2788 314 2852 ατο

200 2929 350 3015 λαμπρὸς
374 2927 404 2994 δ’
427 2931 537 2994 ἔοικεν
560 2929 658 3012 ἡλίου
681 2931 765 3013 πρὸς
788 2927 930 3005 ἀντολὰς

198 3035 319 3103 πνέων.

155 3179 241 3246 Tum
274 3179 313 3244 de
346 3183 435 3244 statu
469 3179 605 3245 alicuius
639 3179 691 3243 vel
723 3178 788 3242 situ
815 3179 960 3279 locorum
992 3175 1103 3239 eadem

86 3286 286 3355 constructio
310 3287 491 3370 adhibetur,
514 3291 552 3351 ut
573 3285 682 3351 Prom.
700 3308 729 3350 v.
748 3285 813 3351 364
824 3306 869 3367 sq.

370 3444 551 3523 ’Ἄτλαντος
575 3446 611 3522 ὃς
633 3446 716 3532 πρὸς
733 3440 899 3526 7ἑσπέρους
922 3442 1044 3516 τόπους
1160 3478 1162 3484 1

183 3553 308 3638 ἕστηκε,
