2430 3856
83 157 134 206 XX
488 155 699 211 PRAEFATIO.

152 316 358 381 Hermannus
394 314 530 381 iudicat:
573 314 822 381 ‘Praeferendus
864 337 934 381 esse
972 315 1102 380 videtur

86 423 263 509 genitivus,
295 445 377 508 quae
406 421 597 507 exquisitior
625 423 824 488 constructio
848 427 911 508 cst,
945 426 981 488 ut
1003 422 1102 488 inter·

87 530 164 595 dum
192 531 227 594 in
254 531 353 595 verbo
382 527 589 595 ἐπιστατεῖν.’
636 527 683 596 Of.
712 530 810 595 etiam
839 530 973 595 verbum
1006 528 1104 615 ἐπάρ-

107 660 166 703 ειν.

86 662 105 721 χ
156 762 188 812 v.
207 743 256 809 90
288 744 444 828 scriptum
478 749 528 808 est
560 742 694 828 ὀχυροῖς
726 743 762 807 in
790 742 874 827 VH,
906 743 1037 828 ἐχυροῖς
1059 741 1105 809 Μ.

90 849 274 916 Genuinum
303 850 429 916 videtur
456 850 599 936 ὀχυροῖς.
645 849 729 914 Nam
763 872 781 914 e
807 872 837 916 v.
857 851 913 936 79,
943 850 999 913 ubi
1027 848 1105 933 ὀχυ-

90 1021 180 1096 ροῖσι
202 1011 236 1074 in
260 1010 350 1096 codd.
374 1033 462 1094 recu,
484 967 633 1096 ἐχυροῖσι
655 1011 689 1075 in
714 1010 757 1095 M,
782 1032 939 1096 apparere
962 1015 1042 1094 puto
1067 1011 1106 1075 li·

87 1116 234 1181 brarium
256 1116 291 1182 M
314 1118 365 1183 bis
388 1117 474 1182 idem
497 1118 650 1182 mendum
674 1118 890 1201 commisisse,
918 1117 975 1182 sed
999 1116 1103 1181 altero

88 1228 217 1289 tantum
254 1224 327 1290 loco
364 1225 550 1290 correxisse.
601 1224 686 1289 Tum
721 1224 880 1290 habemus
912 1224 975 1309 Ag.
1008 1248 1036 1290 v.
1060 1224 1105 1288 44

88 1329 213 1417 ὀχυρὸν
236 1334 349 1416 ζεῦγος
368 1325 561 1418 Ἀτρείδαιν.

93 1469 97 1475 ·
157 1464 190 1513 v.
208 1443 278 1511 601
300 1448 334 1511 in
353 1447 386 1512 M
406 1448 541 1533 aliisque
561 1447 650 1513 codd.
669 1447 831 1512 invonitur
850 1449 1002 1532 ἔμπορος,
1021 1447 1107 1531 quod

89 1554 189 1619 schol.
216 1553 294 1638 Byz.
328 1554 477 1640 explicat.
528 1553 589 1620 Sed
613 1553 645 1643 V
673 1551 786 1640 (HGL
814 1553 907 1620 Cant.
932 1554 960 1618 1.
985 1555 1006 1618 2
1034 1553 1108 1619 Par.

89 1658 252 1728 LLcmb.
275 1657 373 1748 Rob.)
406 1661 528 1727 habent
555 1663 723 1748 ἔμπειρος,
757 1661 843 1748 quod
870 1659 966 1726 unice
994 1682 1106 1725 verum

90 1772 149 1834 est.
193 1767 285 1834 Idem
309 1769 462 1834 mendum
485 1769 519 1834 in
542 1769 635 1834 libris
660 1768 829 1835 Demostb.
854 1791 899 1834 or.
917 1765 991 1849 XII,
1012 1766 1062 1833 19.

157 1902 190 1952 v.
210 1882 280 1949 687
305 1896 501 1970 πρευμενεῖς
528 1885 686 1969 praebent
708 1885 739 1951 V
763 1884 810 1974 (H
834 1885 953 1969 aliique
977 1888 1011 1949 et
1033 1869 1106 1948 ΑΜ.

91 1987 214 2077 Turn),
245 1993 432 2075 πρευμενὴς
459 1990 495 2054 Μ
524 1991 601 2077 (GL
630 1990 722 2057 (tant.
747 1993 768 2057 2
793 1992 874 2056 Rob.
924 1990 1016 2056 Idem
1048 2013 1107 2076 pro

91 2097 180 2161 varia
204 2095 343 2161 lectione
362 2097 396 2160 in
412 2097 483 2162 Par.
497 2095 586 2182 AB).
622 2096 705 2162 Illud
726 2098 852 2181 melius,
876 2097 915 2162 of.
929 2121 958 2164 v.
975 2098 1108 2183 612sq.:

92 2201 223 2279 ‘sarcos
245 2200 346 2285 πατρὶ
368 2213 563 2288 πρευμενεῖς
585 2204 665 2288 χοὰς
686 2203 836 2290 φέρουσ’.

157 2335 190 2386 v.
211 2316 281 2383 213
305 2319 430 2385 sectere
453 2320 487 2384 in
509 2319 553 2403 M,
581 2317 648 2384 ἔστ’
676 2321 762 2385 ἰδεῖν
790 2326 876 2386 recte
904 2321 939 2386 in
962 2320 1108 2387 VHGL.

95 2467 98 2473 ’
157 2452 191 2504 v.
217 2432 287 2500 221
320 2435 425 2502 τέκνω
454 2437 490 2501 in
514 2435 554 2522 V,
580 2434 708 2513 τέκνοις
738 2437 775 2513 ιο,
795 2435 843 2521 M,
876 2436 961 2520 quod
988 2437 1109 2502 nollem

92 2540 237 2609 Sorofius
269 2544 467 2610 defendisset
495 2543 542 2628 (p.
565 2541 632 2632 35).
684 2541 747 2610 Sed
778 2544 917 2610 concedo
941 2543 1108 2610 Heimsoe

93 2649 199 2715 thium
224 2673 264 2715 ex
290 2651 322 2716 h.
345 2651 525 2717 iniurium
553 2651 592 2715 de
623 2638 824 2736 praestantis
854 2651 974 2717 codicis
1004 2652 1109 2717 conie-

92 2755 175 2821 cisse
198 2757 247 2840 (in
266 2757 383 2824 Aesch.
404 2759 561 2823 memorie
583 2781 613 2842 p.
635 2755 678 2848 7).
720 2759 803 2824 Item
827 2758 921 2824 valde
940 2759 1039 2823 dubia
1058 2762 1109 2823 est

92 2863 161 2926 eius
186 2863 379 2946 coniectura,
403 2887 467 2948 qua
489 2881 522 2930 v.
545 2862 638 2930 1005
663 2889 701 2930 ex
719 2865 751 2931 V
769 2856 853 2951 ᾗπερ
878 2865 990 2931 elicuit
1011 2867 1109 2949 βεβᾶ-

91 2984 147 3034 σιν
171 2969 232 3054 οὐχ
257 2960 339 3056 ᾇπερ
364 2970 509 3055 ἀκρῶιοιι
532 2981 674 3057 στρατοῦ
699 2970 753 3057 (cI.
773 2972 889 3037 Aesch.
909 2994 1004 3036 mem.
1025 2995 1056 3055 p.
1071 2969 1108 3058 6)

91 3078 326 3161 comprobante
363 3078 443 3142 olim
476 3078 659 3142 Wecktinio
697 3074 749 3165 (in
785 3079 902 3144 Philol.
935 3101 964 3144 v.
990 3077 1109 3162 XXXI,

90 3208 122 3270 p.
143 3181 232 3273 719),
256 3185 312 3270 qui
334 3207 420 3249 nunc
442 3185 476 3248 in
501 3185 548 3249 ed.
567 3184 698 3249 Teuffel.
722 3183 773 3250 III
797 3207 869 3251 cunr
894 3185 1050 3250 Pessovio
1075 3191 1109 3250 et

91 3291 217 3378 Toupio
246 3290 373 3358 scribit:
406 3294 524 3376 βεβᾶσι
555 3293 618 3375 μὰρ
650 3294 764 3378 τοίπερ
793 3291 927 3377 ἀγρέται
954 3299 1107 3372 στρατοῦ.

92 3395 151 3463 qu
165 3401 264 3465 etiam
288 3397 406 3467 Sorofii
429 3400 506 3466 diss.
529 3422 560 3484 p.
580 3401 632 3484 35,
654 3398 788 3464 Reuteri
812 3422 842 3482 p.
864 3400 893 3464 7.

158 3541 192 3592 v.
215 3522 286 3590 477
320 3526 355 3591 in
386 3525 421 3592 M
453 3529 543 3591 extat
574 3523 746 3610 ἀπήρκεσε.
791 3522 831 3589 In
865 3522 1041 3609 archetypo
1075 3525 1107 3592 id
