2430 3856
511 167 722 229 PRAEFATIO.
1030 179 1125 229 XXIII

104 337 178 419 lati,
205 335 240 399 in
267 335 303 400 M
331 335 500 420 depravati
528 337 608 421 sint,
636 361 678 402 an
706 339 740 402 in
768 337 946 423 archetypo
970 343 1008 404 ut
1031 340 1065 404 in
1088 339 1123 404 M

103 444 249 528 corrupti
271 443 407 524 fuerint,
435 445 470 509 in
497 445 732 510 recentioribus
757 468 777 510 a
800 447 916 511 scribis
939 447 990 512 vel
1014 467 1122 532 gram·

103 551 232 615 maticis
271 552 407 616 correcti
445 551 525 635 sint,
561 551 720 616 incertum
758 574 887 636 semper
925 553 994 618 erit.
1050 552 1122 620 Hoc

104 659 192 723 enim
216 679 317 742 aeque
339 658 437 723 facile
460 659 531 722 fieri
554 661 663 742 potuit
687 664 784 744 atque
809 660 898 725 illud.

510 888 720 900 *h—

593 1037 639 1110 Il.

170 1193 333 1271 Quoniam
348 1194 516 1278 vulgarem
532 1194 570 1258 de
584 1193 729 1260 Mediceo
751 1195 946 1278 opinionem,
961 1199 1118 1279 quantum

103 1303 295 1366 adtentum
320 1299 494 1366 Persarum
517 1301 648 1366 fabulae
673 1303 803 1384 attinet,
833 1303 1001 1367 sustulisse
1025 1304 1120 1368 nobis

102 1409 263 1493 videmur,
295 1407 336 1473 ad
364 1408 465 1472 falsas
494 1408 533 1472 de
564 1408 695 1473 scholiis
719 1409 910 1492 Aeschyleis
940 1411 1120 1476 sententias

102 1515 286 1581 evellendas
309 1516 495 1580 transimus.
1039 1507 1041 1512 ’

170 1623 220 1687 De
250 1623 376 1706 origine
409 1622 608 1687 scholiorum
641 1623 677 1687 M
705 1625 827 1707 optime
861 1625 930 1708 egit
960 1625 1119 1708 Iosephus

102 1729 185 1815 Frey
208 1730 242 1794 in
266 1729 342 1794 diss.
365 1728 535 1794 Bonnensi
563 1752 645 1813 quae
673 1729 864 1794 inscribitur
888 1730 939 1794 ‘de
963 1730 1121 1813 Aeschyli

103 1837 237 1902 scholiis
269 1835 436 1901 Mediceis'
463 1833 509 1922 (a.
535 1833 649 1921 1857),
680 1835 847 1920 ingeniose
880 1836 1057 1901 Roemerus
1086 1838 1121 1902 in

102 1944 377 2009 commentatione
391 1942 508 2026 p.XIX
521 1941 662 2007 laudata.
691 1940 923 2008 Controversia
937 1946 1044 2008 autem
1061 1949 1119 2029 est,

102 2056 213 2116 utrum
236 2051 277 2116 ad
297 2050 452 2134 Aeschyli
475 2054 600 2114 textum
624 2050 860 2115 emendandum
885 2051 964 2116 solis
984 2052 1118 2117 scholiis

103 2158 256 2223 Mediceis
275 2157 355 2222 fides
374 2157 525 2222 habenda
544 2157 596 2241 sit,
615 2180 657 2221 an
677 2157 777 2222 etiam
796 2159 1003 2242 glossematis
1022 2160 1122 2224 inter·

102 2266 280 2353 linearibus
312 2265 347 2328 in
380 2265 613 2330 recentioribus
642 2265 735 2329 libris
762 2265 891 2331 traditis
925 2272 958 2331 et
987 2267 1118 2332 scholiis

101 2372 292 2457 Byzantinis
316 2393 398 2455 quae
423 2371 521 2457 vulgo
546 2373 575 2435 A
600 2373 813 2456 appellantur.

169 2479 353 2544 Dindorfins
378 2478 516 2563 quidem,
540 2484 576 2542 ut
598 2478 736 2543 Medicei
758 2483 884 2543 textum
908 2479 1031 2545 fontem
1052 2502 1119 2544 om-

101 2588 191 2652 nium
214 2587 358 2670 putavit,
386 2587 433 2650 ita
457 2585 583 2651 scholia
606 2587 636 2650 A
660 2608 698 2649 ex
720 2584 866 2650 Mediceo
894 2585 1038 2669 fluxisse,
1063 2587 1118 2651 sed

101 2699 198 2759 aucta
231 2697 263 2758 et
295 2692 496 2776 amplificata
528 2714 599 2757 esse
632 2691 868 2775 comprobabat
900 2691 1056 2778 (primum
1085 2695 1119 2758 in

101 2801 150 2866 ed.
170 2801 271 2866 schol.
289 2823 320 2883 p.
341 2799 379 2883 V,
399 2803 469 2864 tum
487 2799 590 2864 fusius
610 2800 643 2863 in
663 2799 782 2886 Philol.
800 2801 861 2864 vol.
879 2798 950 2878 XX,
969 2824 999 2886 p.
1022 2802 1118 2886 lsqq.

101 2913 136 2972 et
154 2931 185 2991 p.
205 2906 270 2974 385
282 2929 350 2991 sqq.
375 2910 408 2970 et
431 2908 465 2971 in
489 2907 552 2971 vol.
570 2905 658 2991 XXI,
675 2930 705 2990 p.
728 2907 790 2973 193
802 2903 887 2995 sqq).
934 2909 996 2973 sed
1024 2914 1061 2974 ut
1084 2911 1118 2974 in

100 3015 173 3096 illa,
202 3015 248 3078 sic
277 3015 311 3078 in
335 3014 397 3078 hac
426 3014 588 3079 sententia
619 3013 864 3080 Heimsoethius
894 3017 935 3081 ab
971 3017 1027 3080 illo
1057 3017 1118 3081 dis·

100 3122 212 3188 sensit.
259 3120 322 3198 Qui
345 3121 512 3186 contendit
534 3125 666 3186 tantum
690 3123 816 3207 abesse,
844 3128 882 3188 ut
905 3123 1028 3188 scholia
1052 3122 1117 3186 Me-

100 3230 192 3294 dicea
214 3229 288 3293 fons
312 3227 433 3292 fuerint
461 3228 656 3294 scholiastae
680 3229 724 3314 A,
752 3235 789 3294 ut
812 3232 963 3313 excerpta
989 3228 1055 3291 sint
1077 3250 1116 3294 ex

101 3337 163 3419 eis,
196 3358 278 3420 quae
306 3336 340 3399 in
373 3334 505 3401 scholiis
534 3334 564 3399 A
592 3336 710 3401 rectius
743 3335 966 3419 integriusque
995 3335 1117 3418 scripta

99 3445 263 3528 leguntur.
318 3440 524 3507 Glossemata
563 3446 672 3507 autem
709 3442 868 3507 librorum
900 3441 1117 3507 recentiorum

99 3550 363 3635 antiquissimam
387 3549 579 3615 memoriam
602 3553 849 3634 repraesentare
869 3547 929 3636 (ct.
942 3549 1130 3612 ‘cumman-
