2430 3856
116 213 183 278 250
548 213 705 266 SGHOLIA

90 377 333 460 ικαλλώπισμα
361 384 419 459 τῆς
442 375 565 461 χώρας,
593 373 834 460 τοξοδάμαντες
856 371 912 440 καὶ
935 384 1006 451 τοῖς
1029 372 1140 452 τόξοις

117 485 196 560 τοὺς
220 482 394 559 ἐναντίους
417 483 633 567 δαμάζοντες,
664 481 753 547 πάνυ
778 482 898 566 φύστις
920 478 975 547 καὶ
1000 482 1139 565 ἔκφυσις

118 587 174 655 καὶ
192 589 276 673 γονὴ
296 589 416 674 μυριάς
435 588 570 676 ἀνδρῶν
588 591 662 673 ἤτοι
680 591 767 654 πολὺ
786 586 884 672 γένος
901 599 969 654 τῶν
984 591 1137 673 Περσῶν.

117 699 155 762 τὸ
180 693 217 762 δέ
239 697 303 782 γάρ
327 694 502 781 παρέλκον.
548 695 754 782 vulgoDd.V.

119 862 134 909 6
153 854 237 924 φύσις
255 871 306 922 pro
321 853 421 922 φύσιις
436 854 467 908 Ο.
484 886 516 894 -
536 854 569 906 In
587 853 609 907 P
624 852 710 908 etiam
729 853 799 906 haee
814 854 923 907 extant:
943 851 1035 920 ὥσπερ
1050 852 1135 906 πάθω

117 926 196 980 πύσω
219 926 331 992 πύστις,
359 925 376 994 ἡ
402 921 430 991 ἐξ
454 926 585 995 ἀγγελίας
607 924 744 995 μάθησις,
773 922 845 978 ούτω
869 923 919 978 καὶ
942 919 973 979 ἔκ
996 931 1047 979 τοῦ
1073 924 1136 994 φύω

118 997 197 1066 φάσω
218 996 326 1067 φύστις,
345 996 362 1066 ἡ
383 995 442 1066 φυὴ
461 996 510 1051 καὶ
528 997 546 1066 η
566 996 659 1067 φύσις.

185 1232 248 1297 931
261 1253 331 1318 sqq.
361 1226 495 1314 ηἈσία
519 1226 555 1295 δέ
578 1231 674 1316 χθὼν
697 1228 753 1296 καὶ
772 1239 825 1314 γη,
849 1225 1044 1313 ὦβασιλεῦ,
1064 1230 1138 1312 ἤτοι

119 1339 155 1403 οἱ
175 1340 305 1423 Πέρσαι
328 1339 450 1415 πάντες
471 1335 524 1402 ἐπὶ
542 1339 626 1420 γόνυ
645 1335 824 1420 κέκλιυται,
845 1334 919 1403 ἀντὶ
937 1345 999 1402 τοῦ
1016 1334 1138 1401 ὑπέκυ-

117 1455 187 1522 ψαν
205 1443 260 1509 καὶ
280 1445 488 1530 ἐφθάρησαν.
521 1442 541 1527 ἢ
561 1441 614 1509 ἐπὶ
633 1446 718 1527 γόνυ
736 1443 757 1528 ἡ
777 1441 889 1521 ’Λσίας
906 1451 948 1527 γῆ
967 1441 1138 1508 πέπτωκεν

118 1550 351 1637 ὀλοφυρομένη
385 1550 444 1628 οὓς
476 1550 633 1617 ἀπώλεσε.
689 1549 777 1634 λέγει
810 1546 848 1616 δέ
879 1552 958 1628 τοὺς
990 1553 1137 1627 πολίτας.

91 1655 207 1735 ιτιυές
230 1657 270 1723 δέ
290 1676 395 1744 φασιν
419 1655 472 1724 ἐπὶ
490 1661 574 1742 γόνυ
594 1664 669 1735 αἴας
686 1659 761 1742 ἤτοι
779 1658 862 1724 κατά
879 1659 1061 1743 πρόσωπον
1079 1666 1137 1741 τῆς

118 1773 186 1848 γῆς.
232 1766 329 1850 vulgo
339 1764 441 1830 Dd.V.

188 1920 305 1976 Initium
322 1923 409 1988 vulgo
428 1921 468 1976 sie
486 1921 604 1992 legitur:
624 1922 674 1978 καὶ
692 1929 741 1993 γῆ,
761 1916 782 1976 ὦ
802 1922 916 1994 βασιλεύ
935 1925 1003 1989 κτλ,
1021 1939 1068 1992 ap.
1082 1921 1136 1976 DJ.

117 1991 225 2061 ηἰλσία
244 1993 276 2048 δὲ
295 2002 345 2064 γῆ,
369 1990 390 2048 ὦ
414 1995 528 2066 βασιλεύ
546 1998 617 2062 κτλ,
645 1994 676 2048 in
699 1995 718 2046 V
738 1993 756 2063 ἡ
776 1995 857 2063 χθὼν
875 1991 907 2048 δέ
926 1992 1011 2063 καὶὴ
1035 2000 1085 2064 γῆ,
1115 1987 1136 2046 ὦ

118 2065 241 2136 βασιλεῦ,
260 2072 310 2131 τῆς
323 2063 420 2134 Ἄσίας,
439 2064 502 2132 ἤτοι
520 2069 576 2120 κτλ.
592 2097 624 2106 -
645 2073 660 2120 2
680 2064 832 2132 κέκλινται,
852 2085 862 2119 ι
881 2081 950 2119 corr.
966 2081 1000 2118 ex
1018 2064 1087 2134 ²1=V
1102 2095 1135 2105 -

119 2131 266 2199 ἐπέκυψαν
284 2135 370 2204 vulgo
390 2166 424 2176 -
443 2144 459 2189 3
479 2133 548 2205 γόνυ
564 2134 652 2200 Ἀσίας
670 2136 766 2206 vulgo,
786 2132 847 2192 ἐπεὶ
865 2135 937 2207 γυνὴ
953 2133 1042 2199 Ἀσίας
1056 2137 1082 2190 V
1102 2166 1136 2176 -

121 2214 136 2260 ὁ
155 2203 231 2270 τινές
249 2203 280 2261 δέ
299 2211 356 2262 κτλ.
372 2207 463 2262 om.P

185 2389 262 2470 [931
291 2388 453 2474 γράφεται
473 2383 510 2452 δέ
528 2385 583 2453 καὶ
601 2399 702 2471 γαῖαν
719 2386 775 2453 καὶ
795 2388 1013 2454 συντάσσεται
1032 2387 1135 2454 οὕτω·

116 2493 261 2561 κέκλιται
284 2493 340 2560 καὶ
363 2498 496 2560 έκλιναν
519 2496 556 2561 τὸ
580 2498 664 2578 γόνυ
688 2493 741 2560 ἐπὶ
764 2495 826 2578 τὴν
849 2505 957 2578 γαῖαν.
1003 2495 1051 2577 Ρ.]

185 2710 251 2775 934
261 2731 329 2793 sqq.
371 2709 428 2774 ὅδε
452 2707 539 2792 έγὼν
562 2709 580 2775 ὁ
604 2709 737 2786 αἰακτὸς
759 2707 814 2773 καὶ
838 2708 855 2774 ὁ
879 2709 1020 2793 θρήνων
1042 2707 1135 2787 άξιος

116 2811 171 2880 καὶ
195 2814 213 2879 ὁ
234 2816 353 2892 άθλιος
371 2824 410 2900 τῇ
429 2813 543 2902 γέννα,
567 2815 640 2881 άντὶ
662 2825 723 2882 τοῦ
742 2814 872 2905 έμαυτςό
891 2813 946 2880 καὶ
964 2825 1035 2893 τοῖς
1053 2831 1134 2900 συγ-

116 2920 231 3005 γένεσί
250 2946 316 3007 μου
339 2919 394 2987 καὶ
416 2931 456 3008 τῇ
480 2919 616 3011 πατρηύρι
639 2932 681 3009 γῇ
701 2923 804 2988 κακὸν
822 2925 1011 3008 γενόμενος.
1047 2921 1088 2988 V.

183 3138 247 3202 937
294 3139 359 3222 πρὸ
387 3145 447 3202 τοῦ
476 3146 538 3202 σοῦ
570 3138 727 3222 φθόγγου
760 3134 877 3221 πέμψω
905 3135 1006 3213 αὐτὸς
1034 3136 1133 3221 ἰαχὴν

115 3245 332 3329 πολύδακρυν
360 3245 416 3308 διά
443 3244 504 3327 τὴν
531 3244 739 3327 κακοφάτιδα
767 3243 852 3327 βοὴν
879 3252 936 3328 τῆς
964 3253 1024 3326 σῆς
1050 3243 1133 3308 ὑπο-

116 3360 273 3435 στροφῆς.
303 3346 372 3416 εἶτα
392 3349 585 3435 ἑρμηνεύων
603 3351 640 3416 τὸ
661 3351 759 3436 ἰαγην
777 3351 994 3434 πολύδακρύν
1012 3367 1133 3435 φησιν·

116 3459 172 3522 ίάν
208 3456 263 3523 καὶ
301 3458 420 3542 φωνὴν
456 3459 559 3523 κακὸν
596 3455 694 3542 μέλος
736 3459 879 3542 ἔχουσαν
917 3465 1133 3542 θρηνητῆρος

167 3605 184 3652 1
204 3597 297 3674 ίαγὴν
317 3601 408 3669 αὐτὸς
424 3601 449 3659 V
466 3635 503 3645 -
523 3608 538 3658 λ
560 3608 611 3674 σῆς
631 3597 760 3656 οῐυᾸᾺ.
775 3628 808 3637 -
