2430 3856
499 188 711 241 PRAEFATIO.
1035 190 1113 240 XXV

94 369 300 412 communem
319 350 500 431 constituit,
526 350 618 414 cuius
636 350 792 434 reliquiae
816 351 850 414 in
871 351 1006 417 scholiis
1025 352 1056 417 A
1080 356 1113 417 et

93 453 130 520 M
161 462 311 520 servatae
343 464 461 521 essent.
508 459 554 520 At
586 479 660 521 cum
691 456 747 522 hic
778 458 812 520 in
840 458 1017 542 archetypo
1045 459 1112 524 fere

93 561 207 626 eadem
244 582 327 646 quaa
363 564 398 627 in
428 563 465 628 M
495 563 597 628 fuisse
629 563 693 628 sibi
724 564 829 649 fingat
859 570 894 629 et
925 566 1049 630 scholia
1081 569 1112 631 A

93 667 243 733 doctrina
278 669 533 753 Byzantinorum
576 674 673 736 aucta
714 693 785 735 essa
826 672 1016 754 arbitretur,
1056 674 1113 738 illa

94 774 219 839 scholia
250 776 282 840 A
312 778 493 862 integriora
525 783 645 842 censet
701 777 791 855 Quae
829 780 978 864 quamvis
1010 802 1112 865 prava

93 881 256 946 interdum
284 883 363 966 sint,
390 885 557 949 continere
586 886 744 970 optimam
771 891 919 951 veterum
951 874 1112 972 gramma·

93 989 234 1054 ticorum
258 989 449 1056 doctrinam.
496 990 557 1058 Cui
581 1015 685 1077 nuper
711 991 916 1058 Wechlinius
944 994 993 1076 (in
1015 993 1111 1061 Burs.

93 1117 209 1162 comm
230 1119 258 1160 a.
279 1097 379 1180 1892,
400 1122 431 1183 p.
454 1096 592 1186 192sq.)
620 1099 753 1164 brevius
787 1101 986 1166 contradixit
1014 1125 1112 1186 quam

93 1207 132 1267 ut
155 1224 190 1267 se
212 1202 321 1288 ipsum
346 1205 541 1271 defenderet.

164 1308 289 1376 Omitto
312 1311 492 1396 inquirere,
520 1313 597 1398 quid
620 1317 722 1397 recte,
752 1314 830 1399 quid
858 1336 951 1379 secus
979 1314 1114 1379 abillis

94 1417 282 1483 hominibus
305 1418 410 1485 doctis
432 1420 612 1485 iudicatum
637 1421 689 1486 sit.
734 1419 821 1485 Nam
844 1422 909 1486 nisi
933 1422 1041 1486 omnia
1060 1443 1113 1484 me

95 1524 226 1606 fallunt,
247 1546 308 1609 ope
327 1548 400 1591 cum
420 1531 602 1592 ceterorum
620 1550 702 1613 quoa
722 1528 857 1593 adhibui
876 1529 1022 1594 codicum
1041 1533 1113 1593 tum

95 1631 172 1696 libri
194 1630 227 1696 V
249 1634 342 1696 litem
365 1634 548 1699 discernere
571 1656 714 1718 possum.

162 1737 213 1802 Ac
234 1739 376 1822 primum
399 1741 529 1824 quidem
553 1741 650 1806 facilc
676 1742 886 1828 cognoscitur
914 1742 1113 1825 glossemata

95 1846 315 1910 recentiorum
338 1848 497 1913 librorum
521 1849 562 1913 ad
585 1852 711 1913 textum
729 1845 875 1912 Mediceo
900 1848 1112 1912 vetustiorem

96 1951 326 2038 melioremque
367 1956 539 2040 pertinere.
600 1953 710 2021 Unum
752 1957 817 2019 iam
859 1953 1114 2019 commemorari

96 2061 280 2144 exemplum
299 2059 476 2149 (p.XVlI)t
500 2063 600 2146 gloss.
620 2063 740 2128 codicis
760 2059 866 2128 Par.B
885 2062 997 2147 μωρὸς
1014 2082 1113 2145 super

94 2162 172 2242 νέος
186 2171 220 2231 et
232 2168 328 2252 μωρὰ
343 2191 440 2253 super
458 2169 528 2253 νέα,
548 2193 632 2255 quae
652 2170 692 2234 ad
711 2169 803 2245 ἐνεὸς
817 2176 851 2233 et
864 2169 941 2234 ἐνεὰ
955 2173 1113 2253 spectant.

162 2273 277 2358 Neque
308 2277 415 2342 minus
447 2277 628 2341 notandum
663 2282 714 2341 est
745 2278 791 2362 gl.
814 2276 843 2340 V
868 2275 953 2362 quod
981 2293 1014 2342 v.
1040 2274 1110 2340 592

96 2401 193 2466 super
220 2381 378 2468 ἄρξονται
405 2384 538 2468 legitur:
570 2381 626 2448 καὶ
656 2383 902 2448 ὑποκλίνονται.
949 2382 1049 2446 Vides
1073 2404 1111 2448 eo

95 2489 252 2572 explicari
278 2489 422 2573 ἅζονται,
453 2513 535 2575 quae
565 2495 616 2568 est
642 2491 829 2555 coniectura
860 2489 986 2553 Halmii
1015 2488 1112 2575 (mus.

95 2595 197 2660 Rhen.
207 2597 271 2663 vol.
280 2596 400 2679 XXIII,
414 2621 446 2681 p.
461 2594 552 2685 295).
591 2597 682 2662 Idem
707 2597 885 2662 scholiasta
907 2596 1112 2680 Byzantinus

96 2706 133 2767 ut
159 2704 266 2768 multa
296 2704 361 2767 alia
389 2705 552 2789 adhibuit,
580 2705 636 2769 sed
659 2705 760 2769 vertit
783 2704 817 2768 in
840 2704 999 2787 futurum,
1026 2703 1112 2788 quod

95 2831 169 2876 cum
192 2810 302 2875 futuro
327 2811 485 2894 ἄρξονται
508 2812 681 2877 convenire
704 2816 844 2895 putaret.

162 2917 247 2983 Tum
269 2936 302 2985 v.
328 2916 398 2982 316
421 2920 502 2983 haec
525 2920 559 2983 in
581 2917 617 2982 M
640 2920 762 3002 scripta
793 2923 881 2984 sunt:
919 2919 1009 2984 οἵτε
1031 2919 1115 2996 ναὸς

94 3024 132 3091 ἐκ
159 3035 236 3110 μιᾶς
257 3025 372 3108 πέσον,
397 3025 492 3090 οἵτε
521 3048 561 3089 ex
583 3026 655 3091 οἵδε
678 3030 841 3112 corrupto.
885 3025 925 3090 In
947 3025 978 3090 V
1002 3031 1112 3091 autem

95 3153 193 3216 super
220 3132 256 3197 οἵ
279 3155 318 3215 γε
346 3135 469 3217 pictum
494 3133 641 3198 videmus
669 3133 790 3210 οἵτινες
818 3128 921 3200 οὗτοι.
967 3133 1112 3209 Quorum

95 3239 330 3323 glossematum
354 3241 416 3304 hoc
440 3245 568 3326 spectat
591 3242 631 3305 ad
656 3243 830 3325 genuinam
849 3241 1021 3304 lectionem
1041 3237 1112 3302 οἵδε

99 3343 155 3432 (cf.
173 3346 217 3431 gl.
237 3345 303 3412 312
321 3345 377 3411 καὶ
401 3342 495 3412 οὗτοι
519 3371 615 3432 super
639 3343 866 3432 oto’,g1.347
890 3344 993 3430 ταύτῃ
1017 3365 1114 3429 super

94 3454 185 3539 τῇδε,
213 3453 279 3519 soh.
298 3454 328 3519 A
348 3455 414 3520 265
437 3455 495 3520 dds
518 3453 573 3519 καὶ
597 3449 706 3538 οὗτος,
734 3450 806 3541 ah),
833 3453 913 3517 illud
941 3456 1017 3535 post
1045 3474 1113 3518 cor-

93 3560 261 3645 ruptelam
290 3567 396 3626 ortam
424 3561 570 3626 additum
599 3568 649 3627 est
677 3561 828 3647 exemqlo
856 3561 904 3647 gl.
923 3560 973 3625 hb
1001 3559 1135 3627 ὅπως
