2430 3856
502 181 715 233 PRAEFATIO.
987 185 1118 234 XXXVII

168 340 297 410 8σ11.Α
319 341 387 407 117
417 344 556 428 legimus
583 343 603 424 ἡ
632 345 724 427 φρήν
747 367 813 427 μου
835 348 1042 428 μελαγχίτων
1064 341 1121 409 καὶ

99 453 274 538 τιενθηρης
302 449 393 515 ἐστὶν
420 450 441 534 ἢ
465 449 692 534 ἀμφιμέλαινα
716 454 748 514 et
771 450 792 533 ἡ
816 454 907 534 φρήν
931 474 997 534 μου
1019 450 1040 534 ἡ
1064 474 1120 535 με·

101 561 267 643 λαμχίτων
299 558 374 641 ἤτοι
405 558 426 640 ἡ
460 558 582 640 συνετὴ
614 555 670 621 καὶ
704 556 741 623 ἐν
772 559 873 640 βάθει
899 555 1034 640 κειμένη
1063 555 1120 621 καλ

103 665 236 750 ἀφανὴς
259 659 352 729 οὖσα.
399 663 463 750 (Cf.
483 665 526 748 gl.
543 663 575 728 V
600 663 619 746 ἡ
641 667 813 750 πενθηρης
836 663 857 746 ἡ
880 662 917 727 ἐν
936 663 1036 746 βάθει
1053 687 1119 728 κει-

101 773 196 859 μένη,
220 771 310 856 gLB
335 772 455 854 συνετὴ
479 769 500 854 ἢ
523 767 719 858 πενθήρης.)
765 769 828 835 Sed
850 772 885 834 in
908 769 943 835 M
967 771 1009 857 gl.
1029 776 1120 834 extat

102 879 123 964 ἡ
147 879 271 962 συνετὴ
296 883 330 944 et
353 878 420 943 seh.
438 899 541 962 marg.
565 882 784 962 μελαγχίτωνε
811 880 984 962 πενθηρης
1010 875 1032 960 ἣ
1060 876 1120 960 ἀμ-

103 985 293 1072 φιμέλαινα.
340 985 431 1063 Quse
454 972 562 1050 verbs
581 990 697 1050 tenues
719 985 875 1070 reliquiae
900 983 1120 1069 antiquissimi

102 1093 220 1160 scholii
247 1099 338 1177 sunt,
369 1091 456 1177 quod
488 1092 612 1176 optime
639 1092 674 1156 in
702 1093 731 1155 A
761 1096 924 1157 servatum
951 1091 1119 1156 habemus.

99 1199 262 1285 inspicias
284 1199 339 1264 Et.
356 1197 400 1265 M.
419 1221 449 1282 p.
469 1199 544 1282 577,
562 1200 597 1262 2:

100 1323 241 1410 μέλαινα
265 1314 420 1407 σημαίνει
440 1329 530 1414 τρία·
554 1325 592 1388 τὸ
617 1326 801 1404 σκοτεινόν,
824 1323 869 1399 ὡς
889 1309 927 1386 τὸ

314 1447 413 1513 ἕλκον
436 1448 541 1512 νύκτα
564 1445 725 1531 μέλαιναν
749 1444 793 1534 (Θ
811 1443 903 1534 486),

96 1571 152 1639 καὶ
175 1575 238 1658 τὴν
262 1574 411 1656 σύνεσιν,
435 1573 519 1637 ὅθεν
543 1570 597 1636 καὶ

314 1698 435 1793 φρένες
459 1697 699 1781 ἀμφιμέλαιναι
723 1702 769 1780 (A
790 1695 877 1782 103),

98 1822 214 1890 καὶτὸ
238 1823 342 1907 βαθύ,
367 1822 450 1886 ὅθεν
472 1820 528 1894 καλ

314 1950 419 2031 κρήνη
444 1948 653 2035 μελάνυδρος
677 1946 714 2036 (Ι
737 1945 793 2038 14)

24 2077 27 2080 ’
100 2073 121 2157 ἡ
144 2077 277 2158 βαθεῖα.
299 2083 361 2139 τοῦ
383 2075 447 2160 γὰρ
471 2080 685 2160 μελαίνεσθαι
709 2082 818 2141 αίτιον
840 2076 877 2142 τὸ
900 2075 1016 2160 βάθος.

164 2199 232 2264 sch.
250 2197 333 2265 Ven.
356 2199 388 2265 A
411 2203 452 2266 ad
475 2207 508 2266 A
533 2203 597 2267 103
626 2200 762 2290 (φρένες
790 2200 1057 2287 ἄμφιμέλαιναι);
1082 2203 1121 2267 αί

99 2304 136 2371 ἐν
159 2307 261 2390 βάθει
282 2310 431 2392 κείμεναι
454 2307 475 2392 ἢ
498 2309 737 2395 τεταραγμέναι
761 2310 818 2375 διδι
839 2311 901 2393 τὴν
925 2310 1039 2395 ὀργήν.

167 2424 282 2491 seh.E
307 2426 329 2490 δ
348 2427 427 2491 661;
452 2427 489 2491 αί
509 2426 546 2492 ἐν
569 2428 669 2511 βάθει
692 2429 840 2512 κείμεναι
862 2426 883 2511 ἢ
906 2432 973 2492 κτλ.

167 2541 322 2628 Hesych.:
351 2540 577 2627 ἀμφιμέλαινα
600 2546 723 2628 βαθεῖα
745 2545 880 2627 συνετή,
908 2549 940 2607 et
963 2543 1117 2628 μέλαιναι

97 2648 219 2734 φρένες
242 2651 281 2714 αί
299 2652 445 2734 βαθεῖαι.

167 2775 261 2840 Eust.
285 2776 324 2842 ad
348 2781 381 2840 A
402 2776 466 2841 103
488 2798 519 2861 p.
539 2777 591 2862 58,
610 2777 644 2840 4:
668 2780 826 2861 μελαίνας
850 2773 886 2842 δέ
905 2775 1032 2861 φρένας
1051 2778 1115 2862 ἔφη

97 2881 116 2948 δ
139 2884 278 2967 ποιητὴς
306 2883 362 2948 διὰ
389 2883 427 2948 τὸ
456 2881 550 2960 ἐντὸς
578 2883 679 2960 αὐτὰς
707 2883 744 2949 έν
772 2883 873 2968 βάθει
899 2891 1033 2949 κεῖσθαι
1060 2883 1117 2950 καὶ

94 2990 139 3075 μη
163 2990 309 3076 δρᾶσθαι
331 2988 352 3073 ἢ
375 2996 443 3055 κτλ.

162 3115 257 3198 Eust.
273 3116 369 3200 1116,
388 3115 408 3179 9
427 3112 483 3180 καὶ
502 3115 564 3200 ὅρα
581 3117 619 3180 τὸ
639 3115 883 3201 ἀμφιμελαίνας
903 3116 965 3181 οὐκ
984 3115 1037 3181 ε’τιλ
1058 3117 1114 3198 ὀρ-

45 3287 49 3293 .
97 3224 196 3306 φίλου
223 3223 313 3298 τινὸς
340 3219 462 3306 λεχθὲν
485 3273 492 3288 .
516 3271 523 3287 .
548 3216 620 3287 ἀλλ’
647 3222 758 3301 ἁπλῶς
785 3223 872 3288 οὕτω
901 3224 1027 3306 δηλοῦν
1050 3224 1113 3307 την

95 3328 134 3395 έν
152 3329 254 3414 βάθει
271 3329 371 3395 θέσιν
388 3338 450 3394 τοῦ
468 3341 536 3394 τῶν
560 3341 696 3414 φρενῶν
719 3330 912 3414 σπλάγχνου
935 3327 990 3415 (cf.
1009 3328 1114 3394 Wila-

96 3438 296 3503 mowitzium
320 3439 355 3501 in
377 3436 490 3502 Herm.
508 3437 571 3503 vol.
588 3435 692 3520 XXV,
711 3460 741 3521 p.
761 3438 849 3520 168).

143 3559 289 3630 ·sch.A
311 3560 377 3627 191
415 3562 572 3660 scriptum
606 3567 656 3626 est
688 3561 837 3628 λέπαδνα
870 3558 909 3626 δὲ
935 3564 1068 3645 κυρίας
1091 3515 1147 3621 οἱ
