2430 3856
135 177 199 243 150
564 177 719 230 εοεοτιε

200 341 264 406 507
277 363 345 425 sqq.
368 336 503 426 φλέγων
520 339 584 422 γὰρ
604 339 734 422 αὐγαῖςε
757 338 853 422 ὁγὰρ
868 338 1016 423 λαμπρὸς
1029 336 1151 414 κύκλος

133 457 193 512 τοῦ
221 447 318 531 ἡλίου
347 446 628 532 (περιφραστικῶς
655 445 672 511 ὁ
701 442 809 532 ἥλιος)
833 442 968 529 φλέγων
990 439 1046 509 καὶ
1070 444 1150 528 λείμ-

134 577 208 618 πων
232 554 268 618 ἐν
291 564 363 631 ταῖς
387 554 505 637 αὐγαῖς
526 551 583 618 καὶ
605 563 677 630 ταῖς
700 555 837 630 οἰκείαις
856 552 964 617 ἀκτῖσι
983 552 1077 635 διῆκε
1096 549 1150 616 καὶ

135 663 254 744 διῆλθε
277 662 337 726 τὸν
357 661 507 746 ποταμὸν
527 660 641 744 μέσον,
664 662 771 744 ἤγουν
791 661 940 724 διελθεῖν
957 655 1014 724 καὶ
1033 657 1150 741 ῥεῦσαι

107 766 188 832 ικαὶ
216 773 363 850 λυθῆναι
390 768 427 831 τὸ
455 768 602 851 πεπηγὸς
630 765 763 850 ἐποίησε
791 768 987 850 θερμαίνων
1010 764 1148 830 ἐκεῖνον.

134 877 271 940 ἔπιπτον
304 870 340 938 δέ
372 871 428 939 καὶ
460 873 635 957 ἐπνίγοντο
669 873 706 939 έν
738 883 783 962 τῷ
817 873 951 960 ποταμῷ
985 881 1148 956 συνεχεῖς·

135 979 274 1064 εὐτυχὴς
293 976 330 1046 δέ
349 975 391 1064 ἦν
410 980 500 1058 ὅστις
518 982 739 1066 ταχινώτερον
758 992 826 1045 τῶν
844 981 956 1044 ἀλλων
969 977 1148 1046 ἀπέθανεν.

207 1145 218 1190 1
251 1135 361 1207 φλέγων
390 1138 491 1207 αὐγαῖς
517 1139 622 1193 lemma
645 1140 671 1192 H
699 1170 731 1179 —
761 1146 777 1193 3
801 1134 832 1193 έν
860 1155 914 1193 om.
930 1138 964 1205 V,
994 1135 1025 1192 ἐν
1048 1138 1149 1206 αὐγαῖς

132 1209 309 1279 vulgoDdfl
329 1241 362 1251 —
381 1211 492 1265 ἀκτῖσιν
509 1209 544 1279 V,
562 1210 673 1265 ἀκτῖσιν
691 1210 718 1263 Η
738 1243 770 1250 -
790 1209 839 1264 καλ
862 1211 962 1278 διῆλθε
987 1224 1041 1263 om.
1062 1210 1146 1278 vulgo

132 1279 195 1350 Dd„
222 1280 272 1336 καλ
298 1275 370 1350 ἦλθε
393 1281 419 1334 H
447 1312 481 1321 —
509 1288 526 1336 4
554 1283 680 1337 διελθεῖν
703 1281 752 1336 καί
776 1278 874 1352 ῥεῦσαι
897 1279 946 1336 καὶ
965 1297 1019 1334 om.
1040 1280 1095 1334 VH
1114 1310 1147 1321 -

133 1357 149 1405 θ
174 1349 286 1422 έποίησε
308 1352 340 1408 τὸ
362 1352 531 1422 πεπηγδςλῑ
558 1384 594 1393 -
620 1357 778 1422 θερμαῖνον
802 1354 827 1406 Η
856 1383 888 1394 -
919 1361 934 1407 6
958 1352 1147 1422 ἀπεπνίγοντο

132 1424 308 1493 vulgoDd.H
328 1456 360 1466 -
375 1428 396 1479 '7
416 1445 451 1478 τα
469 1424 569 1494 ἀτερον
589 1424 620 1493 Ο,
638 1421 826 1494 ταχυνότερον
840 1424 874 1490 Η,
893 1421 1091 1494 ταγεινότερον
1112 1427 1147 1492 (ει

133 1511 202 1551 corr.
218 1513 252 1550 ex
271 1497 290 1565 ι)
305 1495 330 1549 V
350 1526 382 1536 -
402 1444 533 1551 ἀπέθανε
551 1496 637 1551 Ι)δ,Η

200 1695 343 1780 511sqq.
390 1695 462 1760 ὅσοι
492 1691 529 1759 δέ
557 1694 722 1761 ἐπίλοιποι
750 1692 805 1759 καὶ
829 1697 948 1779 ἔτυχον
971 1698 1147 1780 σωτηρίας,

132 1803 206 1885 ἤτοι
238 1802 300 1868 οὐκ
334 1800 527 1886 έπνίγησαν,
562 1803 624 1886 τὴν
657 1799 793 1888 Θρᾴκην
826 1802 1018 1878 διελθόντες
1054 1804 1148 1885 μόλις

132 1909 273 1992 ἥκουσιν
301 1907 354 1974 ἐπὶ
377 1910 439 1992 τὴν
463 1910 614 1993 Περσίδα
637 1918 701 1992 γῆν
724 1909 786 1992 τὴν
812 1906 985 1992 ἑστιοῦχον
1008 1906 1064 1973 καὶ
1087 1911 1148 1994 τὴν

132 2017 276 2099 ἔχουσαν
295 2015 406 2080 αὐτῶν
424 2016 486 2098 την
506 2013 630 2079 ἑστίαν·
655 2015 739 2080 ὥστε
757 2013 886 2080 στένειν
905 2015 985 2099 μετά
1003 2026 1148 2082 τοσαῦτα

108 2121 218 2185 ὅκακά
245 2118 301 2185 καὶ
329 2121 391 2205 τὴν
414 2124 514 2186 πόλιν
536 2131 604 2185 τῶν
628 2126 771 2204 Περσῶν
794 2122 856 2205 τὴν
879 2125 1047 2207 φιλοῦσαν
1067 2126 1148 2209 τοὺς

132 2228 234 2312 αὑτῆς
256 2230 393 2304 πολίτας
416 2227 475 2305 οὓς
498 2227 718 2310 ἀνεθρέψατο.
748 2224 837 2307 τινές
860 2226 897 2294 δὲ
915 2231 953 2294 τὸ
974 2229 1059 2296 ὥστε
1078 2229 1148 2296 στέ-

132 2358 205 2400 νειν
234 2332 286 2399 ἐπὶ
314 2343 370 2418 της
397 2336 524 2410 πόλεως
551 2333 752 2400 ἀποδιδόασι
779 2339 838 2402 καί
858 2353 975 2421 φασιν·
1006 2338 1148 2421 ἥκουσιν

133 2437 227 2507 οὗτοι
250 2443 332 2528 πρὸς
354 2442 415 2525 τὴν
440 2441 550 2506 αὑτῶν
573 2443 731 2528 πατρίδα,
760 2444 843 2508 ὥστε
866 2444 928 2527 τὴν
950 2446 1050 2509 πόλιν
1073 2445 1147 2512 τού-

131 2572 211 2625 τους
234 2548 409 2627 στενάζειν.
454 2550 552 2635 vulgo
560 2549 661 2616 Dd.V.

205 2712 218 2758 1
240 2704 300 2761 ὅσοι
319 2707 385 2760 ante
404 2703 502 2775 ἔτυχον
521 2706 606 2775 vulgo
628 2739 659 2746 —
680 2713 696 2760 2
719 2706 808 2776 ἤγουν
826 2707 852 2760 V
871 2739 904 2748 -
924 2714 940 2760 3
960 2708 1009 2763 καὶ
1027 2706 1147 2779 ἔχουσαν

132 2777 275 2845 vulgoDd.
296 2809 328 2816 -
349 2781 365 2830 5
383 2776 433 2831 καλ
450 2777 500 2832 τὸν
518 2777 641 2848 πόλεμον
658 2778 710 2848 τὴν
729 2777 811 2833 πόλιν
831 2781 854 2832 V
875 2811 907 2819 -
927 2781 976 2834 καλ
994 2779 1046 2849 τὴν
1064 2780 1164 2836 πόλιν.

134 2849 227 2903 αὐτῶν
245 2848 297 2916 τὴν
315 2848 381 2911 τοὺς
399 2849 485 2917 αὑτῆς
503 2853 642 2917 φιλοῦσαν
660 2852 775 2912 πολίτας
793 2849 936 2919 vulgoDd.
961 2882 994 2891 -
1018 2850 1070 2921 τὴν
1090 2856 1147 2920 φιλ.

132 2921 197 2982 τοῦς
214 2924 329 2983 πολίτας
343 2921 367 2973 V
383 2951 416 2960 -
437 2927 453 2974 8
470 2921 587 2984 τούτους
604 2920 656 2990 τὴν
674 2919 757 2975 πόλιν
771 2921 796 2975 V
811 2953 843 2961 -
864 2928 880 2976 9
900 2921 1043 2989 στενάζειν
1061 2923 1147 2993 vulgo

132 2991 194 3058 Dd.‚
214 2990 321 3047 στένειν
341 2991 421 3047 OPV

199 3190 264 3256 516
311 3199 413 3255 ταῦτα
441 3191 503 3255 ὅσα
526 3187 621 3256 εἷπον
644 3190 754 3276 ἀληθῆ
779 3190 856 3257 ἐστι.
902 3195 1008 3258 πολλὰ
1032 3189 1069 3259 δὲ
1092 3192 1147 3260 καὶ

132 3299 216 3362 ἀλλα
238 3301 379 3382 παρίημι
402 3308 468 3362 τῶν
491 3309 614 3379 κακῶν,
642 3296 664 3362 δ
687 3297 704 3364 ὁ
728 3300 809 3376 θεὸς
832 3298 988 3364 ἐπελθεῖν
1010 3299 1146 3386 ἐποίησε

132 3414 201 3480 τοῖς
224 3403 379 3489 Πέρσαις.
424 3403 630 3490 vulgoDd.V.

189 3568 206 3614 1
226 3557 288 3618 alm
306 3562 409 3620 addidi
428 3581 464 3621 ex
483 3563 509 3621 V
528 3596 563 3606 -
583 3563 615 3622 δέ
636 3563 727 3622 om.V
