2430 3856
475 203 514 253 IN
532 203 565 256 V.
586 204 737 254 348-354.

94 327 329 451 vavpaxt'ch.
357 401 399 410 -
434 365 499 430 348
524 364 580 428 οὕ-

94 495 160 548 τως
189 471 228 535 V.
269 508 306 518 —
350 472 431 546 θεὸς
459 469 500 535 V.
540 506 578 517 —

95 580 256 664 στρατὸν]
279 579 338 642 τὸν
362 577 402 641 Η.
428 615 469 624 -

95 757 161 823 349
190 757 230 820 τοὶ
260 757 340 838 ζυγὰ
367 755 515 839 βαρύνας
537 753 578 817 V.
634 754 699 818 349
723 754 764 819 τὰ
783 761 852 819 τῶν
872 756 1017 835 Περσῶν
1038 754 1118 836 ζυγὰ

98 901 137 910 -
151 864 298 945 βαρήνας
311 860 396 948 (sic),
411 861 580 938 ἐπικλίνας
633 862 790 945 βαρήσας.
809 898 853 907 -
874 857 964 946 ’ῥέπε
984 855 1016 924 δ’
1034 865 1118 925 αἶσι-

95 971 143 1046 seg
171 971 249 1044 τοὺς
269 966 433 1052 Ἕλληνας
457 967 493 1032 G.
539 969 579 1031 τὰ
634 991 700 1053 μον
722 963 811 1052 ἦμαρ
832 962 989 1052 Ἀχαιῶν’
1007 965 1117 1056 (Hom.

96 1076 178 1158 ζυγὰ
206 1085 263 1159 τῆς
290 1078 386 1158 νίκης
411 1073 580 1151 ἐπικλίνας
636 1073 746 1162 w).
764 1112 802 1121 -

95 1185 144 1259 εἰς
166 1185 245 1258 τοὺς
260 1179 425 1264 Ἕλληνας
448 1181 517 1246 BL.
540 1219 578 1228 —

97 1289 179 1372 ζυγὰ
201 1288 242 1351 Η.
272 1326 314 1334 -
348 1289 517 1366 ἐπικλίνας
540 1287 582 1352 Η.

97 1395 267 1481 -ὁμοία,
286 1395 397 1480 ἴσῃΗ.
430 1401 485 1479 ἴσῃ
504 1392 581 1478 (ἴσω

97 1500 182 1588 eod.)
204 1503 239 1567 G.
263 1539 305 1547 —
329 1504 437 1585 ἤγουν
461 1502 582 1566 δυστυ-

97 1613 154 1697 χία
167 1609 207 1675 V.
223 1647 264 1654 —
281 1608 347 1674 350
360 1617 418 1693 τῆς
437 1605 583 1692 Ἀθηνᾶς

97 1717 138 1781 V.
173 1752 211 1762 -
252 1715 315 1781 351
354 1718 402 1792 εἰς
439 1717 475 1780 τὸ
509 1712 583 1798 ἑξῆς

98 1823 194 1889 VGL
209 1821 271 1904 (εἰς
294 1822 406 1905 τοεξῆς
421 1819 467 1909 V)
487 1820 583 1906 μέχρι

97 1939 159 1996 τοῦ
178 1938 253 2011 νῦν,
278 1930 325 2006 εἰς
342 1930 380 1992 τὸ
400 1926 472 2012 ἑξῆς
492 1928 582 1992 ἐστιν

96 2037 139 2102 Η.
157 2073 195 2082 -
217 2036 283 2100 352
302 2036 471 2119 γνωμικὸν
491 2056 580 2119 prae·
636 2037 701 2103 352
714 2033 871 2120 ,Ἀλκαῖος
895 2034 1031 2121 ‘avam
1054 2035 1118 2120 γὰρ
1140 2079 1142 2084 ·

98 2166 158 2209 scr.
182 2142 224 2207 Η.
248 2181 289 2190 -
317 2141 352 2206 οἱ
373 2143 493 2225 ἄνδρες
516 2141 579 2226 γάρ
635 2146 762 2221 πόλεως
800 2143 927 2229 πύργος
969 2141 1118 2228 ἀρεύιος’

98 2252 185 2315 εἰσιν
200 2250 367 2334 ὀχύρωμα,
377 2251 504 2324 πόλεως
516 2249 580 2333 φύ-
636 2249 768 2338 (ἀρήϊος
782 2249 891 2336 vich).
912 2288 949 2298 -

99 2363 208 2441 λαγμα
225 2358 262 2421 V.
279 2394 318 2402 -
340 2356 476 2440 στερεὸν
491 2353 530 2419 V.
542 2393 579 2402 —

100 2465 166 2529 353
194 2462 307 2544 ναυσὶ]
337 2473 404 2526 τῶν
427 2472 520 2546 νηῶν
543 2460 583 2526 V.

101 2596 153 2617 —·
167 2573 348 2654 συμβολῆς]
372 2569 521 2655 πολέμου
543 2567 582 2633 V.

97 2686 157 2760 τῆς
180 2677 284 2761 μάχης
307 2675 348 2740 Η.
372 2713 417 2721 -
441 2675 506 2741 354
531 2673 583 2739 λέ-

100 2785 159 2862 ξον
202 2783 241 2848 V.
291 2820 330 2830 -
381 2781 436 2847 καὶ
477 2783 583 2868 ἀρχὴν

100 2891 261 2973 ἐποίησαν
284 2889 362 2956 VH.
388 2928 427 2937 —-
456 2885 519 2974 ἆρα
542 2888 582 2954 V.

100 3036 141 3044 -
167 2998 284 3083 νάκας]
305 3007 361 3081 τῆς
375 2997 415 3062 V·
438 3035 475 3090 ÷
501 2999 583 3078 πλή-

98 3109 169 3186 θει]
194 3107 239 3194 τῷ
255 3105 294 3169 V.
312 3142 350 3151 —
372 3101 529 3189 ἐπαρθεὶς
542 3102 582 3168 V.

98 3215 275 3295 θαρρήσας
320 3211 430 3276 HBG.
485 3235 582 3275 κατα-

98 3322 274 3404 θαρρήσας
288 3320 324 3385 L.
341 3357 374 3366 —
398 3321 498 3400 νεῶν]
514 3325 582 3384 τῶν

97 3425 204 3492 ν...
