2430 3856
535 189 747 242 PRAEFATIO.
839 184 842 188 ⁴
1098 191 1152 241 VII

128 375 211 419 esse.
256 352 409 418 Proximo
434 373 519 418 anno
543 350 596 418 ‘de
616 350 804 434 Promethei
823 348 954 436 Septem
974 351 1147 416 Persarum

129 460 285 546 Aeschyli
317 459 501 524 fabularum
534 457 699 524 codicibus
730 458 978 523 recentioribus'
1008 457 1147 525 Adolfus

130 567 293 633 Reuterus
305 566 580 649 ,dissertationem
603 565 728 650 publici
746 565 826 630 iuris
850 565 928 631 feeit
946 562 1149 654 (Cervimon-

128 675 196 760 tii),
223 696 287 760 qua
313 673 476 739 Dindorfii
504 678 538 738 et
566 670 683 738 Sorofii
710 676 903 758 argumenta
930 673 1082 738 refellens
1110 696 1149 739 ex

129 782 243 848 eodem
263 781 440 867 archetypo
459 781 549 846 codd.
570 783 598 845 A
622 785 656 845 et
674 779 709 844 M
732 802 883 846 manasse
906 782 1151 847 demonstravit.

197 887 321 952 Tamen
336 910 435 974 quam
449 910 501 952 res
515 889 639 953 incerta
653 888 838 953 etiamnunc
853 888 905 973 sit,
919 888 994 953 inde
1004 893 1149 974 apparet,

127 995 216 1080 quod
231 994 431 1060 Wecklinius
454 1017 558 1080 nuper
581 994 615 1058 in
637 993 739 1080 praef.
759 994 835 1060 edit.
849 993 1008 1080 Aeschyli
1020 1019 1052 1081 p.
1066 994 1150 1060 VIII

127 1103 316 1168 declaravit:
345 1101 406 1167 ‘De
430 1124 494 1186 qua
516 1125 552 1166 re
575 1123 773 1186 quamquam
796 1103 893 1167 multi
915 1101 951 1167 in
975 1107 1146 1192 utramque

126 1215 256 1296 partem
282 1209 530 1292 disputaverunt
553 1213 587 1274 et
613 1229 674 1294 ego
703 1209 774 1293 ipse
802 1209 966 1294 quondam
989 1207 1038 1298 (in
1062 1211 1148 1276 curis

129 1314 428 1403 Aeschyleis1872
452 1313 561 1404 editis)
585 1316 769 1381 statuebam
791 1338 870 1401 esse,
894 1339 976 1402 quae
996 1339 1035 1382 ex
1053 1316 1147 1382 libris

126 1423 344 1490 deterioribus
380 1424 449 1509 peti
485 1426 621 1508 possent
651 1423 686 1488 in
717 1423 802 1489 libro
835 1422 980 1490 Mediceo
1014 1425 1145 1511 omissa,

126 1534 237 1596 tamen
261 1531 297 1595 in
319 1523 393 1596 dies'
411 1531 518 1617 magis
542 1532 584 1596 ab
607 1552 647 1596 ea
670 1531 824 1616 opinione
846 1532 1002 1597 deductus
1021 1555 1093 1597 sum
1112 1540 1146 1597 et

125 1642 291 1723 postremo
315 1660 388 1703 cum
412 1638 523 1703 omnia
546 1637 765 1722 perquirerem
792 1638 877 1702 nihil
905 1638 1030 1721 inveni,
1060 1640 1146 1724 quod

124 1745 306 1810 sententiae
332 1744 555 1831 Burgesianae
584 1745 821 1828 adversaretur,
854 1745 1032 1828 permulta,
1058 1768 1145 1829 quae

125 1853 392 1938 suffragarentur,
419 1851 563 1938 mihique
587 1851 744 1936 persuasi,
772 1851 859 1935 quod
886 1853 962 1935 post
985 1848 1145 1917 Cobetum

124 1958 286 2043 imprimis
311 1958 498 2025 Dindorfius
523 1959 673 2043 obtinuit,
697 1980 809 2024 omnes
833 1959 934 2024 bonas
964 1962 1146 2025 ceterorum

124 2065 285 2132 librorum
310 2066 466 2133 lectiones
490 2089 507 2131 e
534 2066 622 2133 felici
645 2067 833 2132 coniectura
856 2067 1144 2152 grammaticorum

123 2172 318 2257 repetendas
347 2195 431 2258 esse,
461 2174 620 2259 siquidem
648 2175 740 2239 nulla
768 2178 831 2258 est,
860 2194 942 2258 quae
970 2197 1037 2240 non
1065 2197 1144 2260 quo-

123 2280 204 2345 tidie
226 2303 248 2346 a
271 2281 387 2365 quovis
412 2283 628 2366 grammatico
652 2280 860 2348 mediocriter
882 2281 978 2346 docto
1005 2282 1146 2348 inveniri

123 2385 250 2473 possit?

193 2493 356 2571 Quoniam
379 2495 480 2580 igitur
504 2495 636 2561 [deuteri
663 2494 748 2561 ratio
776 2517 842 2559 non
868 2494 985 2560 idonea
1009 2496 1144 2580 videtur,

124 2623 207 2687 quae
230 2601 310 2666 viris
330 2601 435 2667 doctis
454 2603 656 2687 persuadeat,
680 2603 778 2669 aliam
797 2601 1043 2687 ingrediendam
1061 2603 1145 2668 mihi

34 2741 38 2747 ·
123 2730 195 2774 esse
217 2708 305 2774 viam
328 2709 483 2774 intellexi.

191 2816 301 2902 Atque
345 2817 487 2900 primum
529 2815 660 2902 quidem
702 2815 932 2882 demonstrabo
956 2802 1143 2882 ¹Persarum

122 2922 254 2988 fabulae
295 2927 437 3009 textum,
478 2925 584 3009 qualis
621 2925 656 2987 in
697 2923 755 2988 illo
793 2925 862 2991 cod.
894 2924 1144 2991 Vindobonensi

122 3028 190 3114 (no.
212 3027 290 3115 197)
314 3034 416 3117 extet,
443 3053 510 3096 non
533 3053 551 3094 e
574 3035 665 3096 textu
689 3031 834 3098 Medieeo
862 3033 1059 3117 manavisse,
1088 3033 1143 3098 sed

122 3139 297 3221 utrumque
326 3160 346 3202 a
374 3138 536 3204 communi
564 3139 689 3224 origine
716 3140 899 3223 profectum
924 3162 1002 3206 esse.
1049 3139 1143 3215 Quod
1202 3151 1205 3159 '

123 3247 234 3308 autem
253 3246 435 3309 ceterorum
451 3268 578 3331 quoque
594 3246 739 3311 codicum
754 3247 972 3314 recentiorum
986 3245 1143 3311 lectiones

122 3349 260 3436 respexi,
284 3356 442 3436 quantum
466 3375 483 3418 e
507 3352 683 3419 Godofredi
702 3353 882 3420 Hermanni
905 3356 1143 3420 commentario

21 3497 24 3502 -
122 3461 218 3524 etex
241 3459 321 3523 meis
344 3460 576 3526 collationibus
600 3484 654 3526 eas
684 3461 838 3547 cognovi,
866 3460 1040 3546 apparebit
1061 3483 1146 3523 non-

121 3563 231 3630 nullos
259 3565 378 3655 libros,
407 3568 526 3655 quippe
550 3569 609 3656 qui
636 3568 854 3636 consentiant
881 3589 965 3632 cum
975 3560 1114 3629 Iino..
1135 3572 1188 3611 a*
