2430 3856
83 113 188 163 XXXII
480 111 692 165 PRAEFATIO.

84 293 157 336 mea
189 271 320 354 quidem
352 272 514 335 sententia
542 273 618 355 post
649 268 805 354 ἐδέσμευε
839 269 1020 335 addendum
1049 274 1101 335 est

83 385 288 465 τροπωτῆρι,
325 383 362 443 ut
399 399 536 462 sequens
575 379 761 461 explanatio
798 378 887 443 vocis
923 378 1099 461 τροπωτὴρ

83 485 218 568 habeat,
245 508 310 571 quo
337 484 499 570 respiciat.
545 483 681 550 Accedit
703 485 860 569 Hesychii
888 485 1000 569 glossa
1027 507 1101 568 τρο-

83 594 264 658 πώσασθαι
296 593 334 657 τὸ
367 591 429 674 την
461 593 576 675 κώπην
613 593 696 676 πρὸς
727 593 787 657 τὸν
819 591 967 675 σκαλμὸν
1001 594 1101 676 δῆσαι

84 707 130 786 τῷ
153 705 350 782 τροπωτῆρι.
397 698 589 763 Rectissime
617 701 718 784 igitur
746 700 922 763 scholiasta
945 698 1100 782 Byzanti-

84 828 160 871 nus:
182 806 245 889 τὴν
268 806 453 890 εὐήρετμον
471 806 587 888 κώπην
606 805 785 889 ἐδέσμευεν
808 803 893 890 ἀμφὶ
916 807 975 870 τὸν
1002 810 1101 870 σκαλ-

85 914 150 996 μὸν
174 911 211 978 ἐν
233 919 279 999 τῷ
303 924 499 999 τροπωτηρι.
541 911 620 989 Quis
646 918 755 979 autern
778 913 942 997 putaverit
963 913 1100 977 eundem

84 1018 330 1105 Byzantinum,¹
353 1021 407 1104 qui
441 1022 659 1104 corruptelam
694 1021 760 1086 sch.
796 1021 860 1085 862
894 1020 1101 1104 δημωφελεῖς

85 1126 186 1208 δῆμοι
215 1121 290 1212 (pro
317 1124 442 1211 θεσμοὶ
469 1124 640 1216 scriptam)
663 1148 730 1191 non
752 1127 906 1211 correxit,
929 1132 1100 1211 utramque

86 1233 184 1298 huius
208 1234 324 1299 scholii
348 1235 567 1319 corruptelam
590 1239 811 1299 correcturum
838 1233 953 1317 fuisse,
981 1235 1010 1298 si
1033 1233 1100 1299 Me-

39 1368 42 1373 ·
85 1341 175 1405 diceo
208 1362 285 1406 usus
319 1346 415 1406 esset.
466 1339 528 1405 Sed
561 1342 667 1406 omnis
696 1342 897 1426 extinguitur
929 1340 1101 1426 dubitatio,

85 1449 112 1512 si
138 1448 307 1533 sequentia
331 1448 443 1512 verba:
471 1443 607 1512 ἔστιδὲ
635 1449 779 1532 σκαλμὸς
806 1449 847 1513 τὸ
870 1446 907 1512 ἐν
929 1455 975 1535 τῷ
998 1451 1101 1532 χείλει

88 1563 144 1639 τῆς
166 1553 251 1630 νεὼς
269 1551 362 1638 ξύλα,
386 1553 423 1619 ἐν
442 1546 493 1630 οἷς
511 1555 549 1619 αλ
559 1564 668 1621 κῶπαι
687 1552 839 1619 δέδενται
856 1577 895 1618 ex
914 1554 1101 1640 archetypo,

86 1684 182 1746 quem
217 1661 317 1726 statui
349 1661 439 1747 volo,
474 1661 595 1726 hausta
622 1646 701 1725 ¹esse
736 1667 897 1744 putamus.
952 1641 1101 1726 Confeiii

85 1773 224 1853 possunt
247 1791 320 1835 cum
339 1769 448 1833 verbis
467 1767 548 1834 Poll.
567 1768 593 1850 Ι,
612 1769 653 1834 87
678 1765 733 1832 καὶ
757 1768 839 1832 ὅθεν
858 1764 919 1852 μὲν
939 1768 977 1830 αλ
992 1778 1101 1832 κῶπαι

86 1874 256 1940 ἐκδέονιαι
289 1877 449 1958 σκαλμός,
484 1866 510 1961 ᾧ
544 1870 581 1940 δὸ
614 1873 785 1940 ἐκδέονιαι
817 1876 1004 1959 τροπωτήρ·
1045 1873 1100 1940 καὶ

86 1981 326 2063 τροπώσασὸαι
357 1982 419 2062 την
451 1989 549 2064 ναῦν,
582 1982 633 2045 ut.
656 1981 698 2046 M.
722 2005 752 2064 p.
778 1984 851 2065 715,
870 1983 912 2046 21
943 1985 1100 2066 σκαλμός·

85 2085 162 2170 περὶ
186 2086 226 2152 ὃν
250 2086 451 2170 δεσμεύουσι
473 2086 532 2160 τὸς
549 2084 670 2167 κώπας,
694 2086 871 2162 πολσσαλος.
910 2085 1003 2161 Quod
1024 2110 1099 2152 vero

87 2197 120 2259 in
141 2193 235 2258 BGL
257 2195 421 2279 glossema
440 2196 490 2257 est
509 2193 654 2276 σκαλμὸς
671 2194 708 2257 τὸ
728 2191 840 2277 ξύλον,
863 2193 900 2258 ἐν
921 2183 947 2281 ᾧ
968 2191 988 2276 ἡ
1006 2194 1100 2278 κώπη

87 2302 218 2368 δέδεται
246 2298 407 2389 (σκαλμὸς
434 2322 496 2366 om.
520 2299 595 2385 BG,
623 2301 728 2364 δεῖται
755 2299 847 2386 BG),
880 2301 942 2365 hoc
969 2301 1038 2366 fere
1066 2303 1100 2365 in

88 2409 261 2493 archetypo
282 2409 383 2473 fuisse
403 2409 541 2473 videtur:
561 2407 676 2491 κώπην
695 2407 878 2491 εὐήρετμον
896 2405 982 2491 ἀμφὶ
1002 2414 1101 2474 σκαλ-

87 2518 151 2600 μὸν
179 2514 336 2601 ἑδέσμενε
362 2524 556 2602 τροπωτηρι.
604 2515 749 2599 σκαλμὸς
777 2511 814 2580 δὲ
840 2515 877 2579 τὸ
904 2514 1006 2592 ξύλον
1030 2506 1100 2604 piri

87 2624 180 2709 κώπη
205 2622 344 2688 δέδεται.
380 2623 554 2705 τροπωτὴρ
579 2619 616 2687 δὲ
640 2622 658 2688 ὸ
682 2628 789 2709 λώρος
811 2622 829 2687 ὸ
849 2621 1020 2705 δεσμεύων
1038 2623 1101 2706 την

86 2731 202 2813 κώπην
229 2731 312 2812 πρὸς
338 2738 383 2815 τῷ
414 2734 556 2815 σκαλμῷ.
603 2728 667 2794 sed
694 2728 730 2793 M
763 2729 914 2794 librarius
943 2753 962 2794 a
993 2729 1100 2814 priore

85 2845 274 2921 τροπωτῆρι
296 2838 336 2900 ad
355 2836 517 2919 posterius
538 2836 693 2900 aberrans
713 2835 853 2901 mediam
872 2839 1000 2919 partem
1019 2838 1100 2902 omi·

87 2945 140 3010 sit.
184 2943 300 3027 Itaque
323 2942 481 3027 integrius
506 2942 653 3007 scholion
675 2943 900 3028 Byzantinum.
942 2941 1036 3018 Quod
1059 2944 1099 3009 ad

85 3053 129 3136 gl.
147 3049 179 3114 V
203 3050 354 3134 pertinet:
383 3049 527 3133 σκαλμὸς
555 3049 684 3133 λέγεται
711 3051 748 3115 τὸ
777 3051 899 3136 ὄρθιον
927 3049 1029 3128 ξύλον
1053 3051 1100 3126 εἰς

86 3158 104 3225 ὸ
128 3157 309 3242 εἰσέρχεται
331 3157 349 3223 ὁ
368 3161 552 3244 τροπωτηρ,
574 3161 685 3241 potest
703 3158 737 3223 id
756 3181 794 3222 ex
814 3181 852 3222 eo
874 3158 918 3241 gl.
936 3161 1099 3222 mutatum

86 3289 166 3351 esse,
180 3266 267 3351 quod
281 3263 378 3330 BGL
393 3265 555 3349 exhibent,
573 3269 685 3349 potest
703 3265 880 3351 genuinum
899 3283 980 3328 esse.
1014 3262 1099 3328 Turn

17 3428 20 3435 .
86 3374 269 3458 exemplum
292 3372 450 3439 habemus
474 3371 611 3456 duplicis
635 3371 723 3436 illius
745 3368 1035 3455 interpretationis,
1059 3371 1099 3436 de

87 3499 151 3562 qua
174 3479 329 3546 disseruit
350 3479 413 3545 Ios.
433 3478 515 3565 Frey
538 3479 558 3543 l.
576 3477 597 3544 l.
