2430 3856
112 166 154 231 38
542 170 699 222 SOHOLIA

110 327 248 415 ναύτης)
270 326 447 413 Ἀσσύριόν
469 354 504 395 τε
526 331 614 417 δέρμα
633 330 794 413 ἐλαύνων,
818 334 924 416 ἤγουν
943 335 1129 419 Περσικόν·

111 438 146 501 ολ
180 437 243 520 γὰρ
281 435 409 521 Πέρσαι
442 433 613 522 Ἀσσύριοι
655 437 835 504 ἐκαλοῦντο
876 441 914 504 τὸ
951 442 1128 525 πρότερον.

112 540 354 632 OP(Dd.)VH.

111 705 127 754 8
146 700 234 772 ἤγουν
258 700 395 771 Περσικὸν
415 717 468 758 om.
488 701 545 755 VH
565 733 599 742 -
620 707 635 754 9
655 702 766 774 δισύριοι
784 703 810 756 Η
829 703 914 759 -τὸ
934 703 1058 760 om.VH

113 1418 117 1429 ‘
178 1398 220 1462 86
268 1398 499 1480 δουρικλύτοις
523 1393 573 1462 δὲε
599 1408 669 1474 τοῖς
692 1396 840 1476 ἐνδόξοις
862 1399 945 1464 κατὰ
967 1400 1005 1466 τὸ
1030 1401 1128 1486 δόρυ,

109 1513 179 1580 τοῖς
201 1506 402 1589 τεριφήμοις
424 1503 461 1569 ἐν
484 1510 529 1592 τῷ
554 1501 628 1590 δορὶ
653 1505 761 1588 ἤγουν
784 1513 828 1593 τῷ
853 1504 995 1595 πολέμῳ.
1032 1507 1073 1573 V.

182 1667 194 1714 1
216 1663 404 1731 δοροκλείτοις
423 1658 454 1716 δὲ
475 1662 499 1716 V
518 1662 604 1731 atque
623 1678 657 1716 ea
674 1663 742 1731 post
759 1678 858 1717 vocem
877 1662 955 1734 δόρυ.

176 2571 218 2636 88
229 2592 297 2655 sqq.
344 2571 480 2654 δόκιμος
504 2567 535 2634 δ’
563 2570 666 2645 ούτιςτ
699 2569 790 2644 οὔτις
819 2565 856 2633 δὲ
880 2569 1025 2653 δόκιμος,
1049 2571 1125 2653 ἤτοι

110 2687 248 2761 φρονῶν
277 2675 381 2764 ἑαυτῷ
409 2675 463 2740 καὶ
493 2677 603 2740 δοκῶν
635 2673 691 2741 καλ
718 2682 867 2760 θαρρῶν,
903 2675 1049 2752 ὑιτοστδις
1077 2686 1124 2764 τῷ

109 2783 258 2870 τοσούτῳ
288 2781 425 2866 ῥεύματι
454 2780 599 2865 ἀνδρῶν,
630 2783 757 2864 δηλαδὴ
781 2792 848 2845 τῶν
872 2785 1025 2867 Περσῶν,
1051 2784 1127 2866 ἤτοι

110 2888 264 2964 ἀντιστὰς
291 2885 345 2952 καὶ
374 2887 691 2972 ἀντιμαχεσύμενος,
721 2889 803 2952 ὥστε
832 2893 954 2974 εἴργειν
987 2888 1041 2955 καλ
1063 2914 1126 2955 κω-

82 3015 95 3056 5
111 2996 205 3059 λύειν
219 2996 256 3060 τὸ
272 2996 399 3079 ἄμαχον
418 3005 505 3078 κῦμα
525 3005 582 3078 τῆς
600 2993 772 3077 θαλάσσης
791 2995 968 3079 (τροπικῶς
986 2993 1022 3061 δὲ
1042 2997 1125 3080 <τὴν

109 3103 324 3187 προσβολὴν>
349 3113 416 3167 τῶν
445 3099 604 3189 Περσῶν)
637 3100 674 3167 ἐν
705 3099 837 3187 ἕρκεσιν
870 3102 1018 3189 ὀχυροῖς,
1052 3104 1126 3186 ἤτοι

109 3211 272 3295 γεφύραις
303 3211 481 3292 γενναίαις.
528 3208 747 3294 ἀπρόσοιστος
776 3209 839 3293 γὰρ
869 3207 925 3274 καὶ
957 3209 1126 3295 ἀφόρητος

182 3402 279 3471 Ιῆτοι
294 3404 432 3459 om.-P
451 3396 1122 3475 231¹‘savaH—3woovsstqnineath-

110 3470 227 3565 ῥεύματι
244 3483 300 3530 τῶν
318 3477 435 3544 Περσῶν
454 3474 567 3545 ἀνδρῶν
585 3456 700 3529 VH-
727 3480 744 3528 4
762 3456 1024 3543 ἀντιμαγηούμενος
1041 3472 1068 3526 Η
1088 3505 1121 3515 -

110 3551 126 3599 5
145 3544 289 3615 δαλαττης
309 3546 332 3599 V
343 3577 377 3587 -
