2430 3856
501 149 712 203 PRAEFATIO.
1053 155 1119 206 XIX

99 313 182 395 puto
206 303 299 374 παί8’
327 308 402 398 ἐμῷ.
443 311 552 394 Atque
575 310 638 375 hoe
662 333 700 376 eo
723 312 925 395 probabilius
950 317 1008 397 est,
1032 316 1119 398 quod

99 417 262 501 scriptura
284 415 380 481 παιδὶ
403 415 482 505 ἐμῷ,
506 439 604 500 quam
628 419 795 504 archetypi
817 419 918 484 fnisse
937 419 1018 505 dieo,
1042 443 1119 487 oon-

99 524 191 590 venit
223 546 295 589 eum
324 525 436 588 multis
464 524 584 589 codicis
608 523 642 587 M
667 525 849 610 seripturis,
878 527 995 610 quibus
1024 529 1117 594 elisio

98 631 250 716 neglecta
271 631 315 696 sit
334 629 388 716 (of.
401 630 554 696 Roemeri
574 633 891 716 commentationem,
915 634 967 698 eui
986 635 1118 719 inserip-

100 738 144 836 sit
177 735 317 803 ‘studien
350 759 407 803 zur
440 737 757 803 handschriftliehen
789 739 1029 826 hberlieferung
1061 742 1118 806 des

99 843 277 930 Asehylns'
302 847 338 910 in
361 844 444 910 notis
468 845 557 909 acad.
581 845 707 911 Monac.
728 845 813 911 1888
837 847 899 914 vol.
919 845 976 933 II).

170 971 311 1036 Transeo
336 970 376 1036 ad
399 971 498 1050 loeos,
522 971 577 1057 qui
601 972 629 1036 si
651 995 718 1038 non
742 972 781 1036 ad
806 978 930 1038 eertum
950 973 989 1038 de
1009 975 1118 1040 arohe-

97 1082 180 1164 typo
209 1077 392 1143 faciendum
421 1077 576 1143 iudicium
605 1080 728 1163 valent,
759 1083 794 1144 at
821 1082 932 1144 tamen
955 1082 1116 1148 notabiles

98 1186 174 1250 sint.

164 1328 198 1378 v.
220 1307 263 1374 17
288 1313 422 1375 κίσσιον
440 1309 481 1394 V,
504 1311 589 1375 idem
613 1333 633 1375 a
655 1333 703 1396 pr.
728 1334 769 1376 m.
789 1310 831 1391 H,
855 1313 895 1376 ab
920 1311 976 1378 alt
1000 1318 1115 1378 anteo

96 1418 257 1482 insertum
280 1441 310 1483 ν.
350 1421 504 1482 κίσσινον
525 1417 570 1483 Μ.
610 1416 649 1482 In
673 1418 822 1484 schotti
845 1441 874 1484 v.
892 1419 1023 1505 lsssqq.:
1046 1423 1117 1486 κίσ-

96 1541 174 1591 σιον
195 1523 236 1608 V,
258 1526 369 1590 κίσιον
392 1523 433 1591 Η.

164 1667 198 1716 v.
219 1646 288 1714 117
313 1651 347 1715 in
370 1649 402 1714 V
426 1655 459 1714 et
481 1649 515 1714 H
538 1649 697 1715 traditum
721 1654 785 1714 est:

400 1811 504 1875 ταῦτα
527 1834 585 1894 μοι
608 1812 812 1894 μελαγχίτων

401 1919 494 2004 φρὴν
517 1916 698 2001 ἀμύσσεται
722 1919 829 2005 φόβῳ,

96 2078 130 2142 in
153 2078 201 2144 M:
399 2079 502 2144 ταῦτα
526 2102 592 2162 μου
615 2082 821 2163 μελαγχίτων

401 2186 492 2270 φρὴν
516 2185 698 2270 ἀμύσσεται
720 2189 824 2274 φόβῳ.

98 2326 185 2392 Illud
209 2331 241 2392 et
264 2350 324 2413 per
346 2349 380 2392 se
404 2332 559 2412 praestat,
583 2329 668 2414 quod
693 2329 799 2413 magis
823 2333 873 2393 est
896 2349 935 2393 ex
954 2332 1023 2392 arte
1042 2351 1116 2412 poe·

95 2435 171 2518 tica,
190 2438 224 2499 et
242 2435 488 2500 commendatur
505 2458 535 2500 v.
552 2437 629 2501 168:
653 2434 757 2499 ταῦτα
775 2459 832 2519 μοι
852 2436 951 2517 διπλῆ
971 2433 1115 2519 μέριμνα

96 2545 245 2626 φραστός
269 2541 360 2607 ἐστιν
383 2540 421 2607 ἐν
443 2544 552 2648 φρεσί,
576 2541 615 2606 of.
635 2540 713 2607 0110.
733 2565 763 2606 v.
781 2542 857 2606 409.
876 2542 952 2605 412.

162 2685 196 2735 v.
223 2665 293 2732 559
324 2665 355 2732 V
387 2664 501 2753 (HGL
529 2665 610 2732 Ven.
637 2665 668 2730 A
703 2663 796 2732 Cant.
821 2667 894 2731 L2
925 2665 1001 2733 Ald.
1029 2665 1112 2732 Rob.

95 2770 211 2862 Turn.)
234 2775 390 2840 exhibent
412 2777 573 2856 πολίταις,
596 2773 630 2839 Μ
653 2775 821 2857 πολήταις.
867 2773 980 2840 Potest
1004 2774 1114 2839 arche-

96 2884 194 2966 typus
219 2881 402 2946 exhibuisse
427 2882 513 2966 quod
536 2881 770 2946 restituendum
795 2886 845 2946 est
867 2884 1038 2965 πολιήταις
1061 2882 1114 2947 vel

96 2987 246 3118 notitam
269 3043 321 3106 vel
344 2988 510 3126 πολνιῇταις.

161 3203 194 3250 v.
215 3181 286 3248 244
310 3185 344 3249 in
367 3184 432 3250 VG
456 3185 587 3269 legitur:

100 3342 103 3347 '
165 3329 217 3404 τίς
240 3323 277 3392 δὲ
300 3327 473 3412 ποιμάνωρ
497 3330 608 3393 ἔπεστι
630 3327 860 3406 κάπιδεσπόζει
883 3334 1038 3413 στρατοῦ,

95 3523 130 3588 in
153 3522 180 3588 L
206 3527 295 3589 extat
319 3486 458 3611 στρατῗτ),
482 3525 517 3590 in
539 3523 573 3589 M
597 3525 734 3609 aliisque
759 3529 901 3611 στρατῷ.

928 3622 973 3677 *ἢ*
