2430 3856
108 189 128 253 6
389 191 643 244 ARGUMENTUM
660 189 835 244 FABULAE.

66 371 91 411 ετ
107 354 212 417 ναίων
232 349 286 416 καλ
306 351 446 438 ῥήτορος
463 349 518 416 καὶ
537 360 618 435 υήας
637 352 788 427 εἰπόντος
806 348 1015 434 ποιῆσαικαὶ
1034 350 1124 416 άντι-

106 457 271 535 τάξασθαι
299 459 382 543 πρὸς
409 459 468 523 τὸν
491 456 629 541 Ξέρξην.
676 451 717 522 οὗ
744 455 798 521 καὶ
826 455 1011 542 γενομένου
1033 481 1124 544 περι-

109 563 265 647 εγένοντο
285 565 397 630 αὐτοῦ.
444 564 461 628 ὁ
478 561 647 630 Ἀπόλλων
665 564 728 648 γάρ
746 574 817 640 τοῖς
833 558 1025 647 Ἀθηναίοις
1042 590 1124 650 μαν-

106 671 308 756 τευομένοις,
324 682 393 764 πῶς
407 681 476 736 τῶν
491 675 634 755 Περσῶν
648 673 933 754 περιγενήσουται,
949 667 1019 737 εἷπε
1033 676 1123 758 τείχη

109 777 225 856 ξύλινα
257 777 499 843 κατασκευάσαι
529 775 584 842 καὶ
617 777 705 843 ούτω
737 775 973 860 περιγενέσθαι
1003 778 1123 845 αὐτῶν.

64 883 160 953 εοκαὶ
184 886 219 949 oc
240 881 301 966 μὲν
323 887 413 968 τείχη
437 886 554 967 έλεγον
576 893 711 968 ποιήσαι
735 885 782 960 είς
804 884 866 966 τήν
888 887 987 950 πόλιν
1006 884 1125 963 ξύλινα

105 989 179 1056 ἀντὶ
202 994 357 1074 λιθίνων,
381 990 399 1055 ὁ
419 987 456 1055 δέ
476 995 699 1074 Θεμιστοκλῆς
718 990 779 1074 οὐχ
799 989 914 1073 οὕτως,
939 990 1022 1056 άλλά
1041 1000 1123 1076 νήας

104 1093 174 1163 εἶπε
206 1107 355 1181 ποιήσαι,
394 1101 432 1162 αἲ
460 1097 618 1174 πολλάκις
651 1098 707 1162 διά
738 1107 806 1162 τῶν
839 1098 971 1163 οίκείωυ
1004 1110 1123 1183 τειχῶν

105 1206 247 1283 σώζουσι
270 1207 348 1282 τοὺς
371 1203 582 1287 ἀνθρώπους.

171 1309 223 1376 ἐπὶ
252 1309 416 1388 Μένωνος
440 1309 505 1396 (01.
525 1312 622 1395 76,4
650 1311 717 1375 sive
741 1332 769 1374 a.
793 1308 867 1375 Chr.
885 1307 968 1398 472)
996 1335 1121 1401 τραγῳ-

65 1438 91 1478 εε
107 1418 177 1482 δῶν
200 1419 368 1503 Αἰσχύλος
396 1417 489 1483 έυίκα
521 1421 619 1482 Φιυεί
644 1415 791 1499 Πέρσαις
819 1418 958 1505 Γλαύκῳ
982 1423 1125 1484 Ποτυιεῖ

104 1529 292 1609 Προμηθεῖ.
676 1511 678 1514 ’

171 1641 233 1697 τοῦ
252 1629 378 1718 Ξέρξου
402 1632 508 1717 πατήρ
529 1628 590 1716 μὲν
608 1626 650 1714 ἦν
667 1637 810 1714 Δαρεῖος
830 1629 847 1695 ὁ
868 1635 1010 1717 Περσῶν
1029 1635 1122 1715 βασι-

104 1740 198 1822 λεύς,
232 1741 338 1824 μήτηρ
371 1736 407 1804 δέ
428 1737 586 1805 ’Ἄτοσσα
639 1740 781 1820 γίνωσκε
815 1735 868 1821 δέ,
900 1738 952 1802 ὅτι
980 1743 1123 1824 Λαρεῖοι

104 1857 191 1931 τρεῖς
220 1849 291 1911 είσι.
338 1857 467 1932 πρῶτος
496 1843 533 1910 δὲ
560 1846 689 1912 τούτων
717 1845 735 1910 ὁ
759 1839 960 1929 Ὑστάσπου,
987 1868 1123 1929 προκρι-

62 1972 90 2011 ιο
104 1951 177 2030 θεὶς
199 1953 264 2018 ὑπὸ
292 1965 359 2017 τῶν
384 1957 526 2037 Περσῶν
553 1949 608 2017 καὶ
632 1952 831 2033 βασιλεύσας
860 1952 985 2034 αὐτῶν,
1015 1951 1051 2029 ὃς
1080 1949 1122 2036 ἦν

175 2115 209 2162 25
229 2108 277 2162 καλ
297 2105 412 2178 ῥήτορος
436 2103 467 2162 έυ
485 2114 547 2170 ταῖς
563 2104 693 2175 Ἀθήναις
712 2105 742 2170 ὃς
760 2107 808 2161 καλ
832 2115 903 2176 νῆας
922 2106 983 2164 εἷπε
1002 2117 1121 2179 ποιήσαι

103 2179 156 2235 Βά.
177 2196 211 2233 ex
225 2179 247 2232 P
262 2211 295 2219 -
310 2179 358 2233 καλ
378 2180 443 2232 ante
462 2186 533 2247 νῆας
551 2195 606 2235 om.
621 2177 645 2232 G
660 2210 692 2218 -
708 2178 757 2232 καὶ
775 2186 846 2247 νῆας
859 2187 975 2248 ποιῆσαι
991 2179 1121 2245 εἰπόντος

104 2250 153 2305 καλ
172 2250 259 2306 άντιτ.
274 2249 307 2314 Η,
328 2246 444 2321 ῥήτορος
463 2249 567 2306 είτύυτ,
587 2249 636 2304 καὶ
654 2257 725 2319 νῆας
742 2257 860 2319 ποιήσαι
878 2251 926 2304 καλ
947 2252 1034 2307 άντιτ.
1049 2252 1119 2307 V—

104 2330 138 2377 26
153 2321 203 2376 καλ
218 2322 270 2377 Dd.
285 2321 319 2389 V,
339 2339 391 2378 om.
407 2324 472 2377 cett.
489 2353 520 2361 -—
536 2318 713 2391 περιεγένετο
729 2321 780 2375 GL
792 2352 825 2360 -
836 2327 870 2376 27
881 2323 956 2376 αύτῶ
973 2324 996 2375 V
1008 2356 1041 2364 -
1052 2344 1123 2393 μαν-

104 2392 279 2464 τευόμενοις,
304 2413 345 2456 οις
364 2410 432 2448 corr.
453 2409 487 2447 ex
506 2392 574 2456 osG
594 2425 627 2433 —
646 2399 681 2447 28
699 2391 778 2463 παρά
796 2401 851 2448 τῶν
866 2392 906 2462 Η,
929 2395 994 2464 περὶ
1013 2403 1068 2450 τῶν
1088 2398 1122 2464 G,

104 2509 163 2564 πῶς
180 2499 259 2571 παρὰ
277 2501 372 2556 τῶνλί
387 2533 420 2540 -
439 2464 619 2570 παραγενήστ
642 2515 706 2552 cum
734 2499 900 2570 compendio
924 2501 963 2566 H,
991 2503 1022 2555 τί
1041 2503 1124 2571 γενή-

104 2590 183 2627 σεται
198 2571 229 2640 G,
249 2581 307 2636 πῶς
325 2573 390 2635 τοὺς
406 2570 517 2639 Πέρσας
535 2571 801 2640 κατατροπώσουται
818 2570 870 2630 Dd.
890 2588 925 2625 ex
938 2573 960 2625 P
975 2604 1007 2612 —
1024 2573 1123 2638 ξύλινα

105 2646 182 2713 τείχη
209 2651 419 2698 κατασκευάσαι
441 2642 467 2695 Η
485 2674 519 2682 -
538 2644 618 2712 τοίχη
638 2644 659 2696 L
679 2674 713 2682 -
737 2649 771 2696 29
791 2647 1024 2697 κατασκευᾶσθαι
1047 2645 1068 2695 V
1088 2676 1121 2684 —

107 2714 171 2769 άντλ
190 2715 310 2769 λιθίνων
329 2713 378 2768 καὶ
392 2712 516 2776 ούτωςῦ
535 2745 569 2754 -
588 2712 803 2783 παραγενέσθαι
822 2715 918 2776 αύτοίς
931 2713 957 2766 Η
974 2745 1011 2754 -
1029 2715 1123 2769 αὐτῶν

105 2783 193 2854 ἔφησε
212 2785 243 2839 τὸ
263 2784 428 2854 μαυτεῖονΟ
450 2817 481 2824 -
505 2792 538 2839 30
553 2784 601 2838 καλ
616 2783 646 2839 οί
662 2783 713 2855 μὲν
727 2785 827 2840 τούτου
842 2784 1014 2846 ἀκούσαντες
1023 2784 1076 2839 Dd.
1089 2801 1123 2837 ex

106 2855 128 2908 P
154 2887 187 2896 -
214 2856 263 2909 καὶ
292 2853 321 2909 οῖ
344 2853 395 2925 μὲν
422 2853 517 2924 ἔλεγον
542 2864 659 2925 ποιήσαι
685 2855 724 2918 είς
746 2855 798 2923 τήν
820 2853 903 2909 πόλιν
925 2857 1003 2923 τείχη
1023 2855 1122 2920 ξύλινα

105 2926 172 2982 ἀντὶ
194 2934 250 2981 τῶν
273 2928 392 2981 λιθίνων
412 2927 446 2995 V,
471 2926 520 2981 καὶ
544 2924 573 2980 οί
594 2925 646 2997 μὲν
670 2925 765 2995 ἔλεγον
788 2927 865 2994 τείχη
889 2925 987 2991 ξύλινα
1011 2924 1051 2988 είς
1070 2925 1121 2994 τήν

103 2997 187 3053 πόλιν
213 2997 277 3052 άντὶ
305 2999 425 3053 λιθίνων
448 2999 520 3052 L-
544 3005 577 3052 31
598 2997 662 3053 ἀντὶ
689 3005 745 3051 τῶν
772 2998 891 3050 λιθίνων
914 2995 965 3049 Dd.
990 3012 1023 3049 ex
1047 2997 1068 3050 P
1090 3028 1119 3037 -

107 3068 301 3140 θεμιστόκλεις
320 3069 346 3123 Η
370 3101 402 3110 -
426 3076 460 3123 32
480 3067 568 3124 είπὼν
591 3068 630 3135 Η,
658 3065 737 3122 εἶπεν
766 3068 816 3137 ούχ
845 3065 932 3129 ούτως
957 3067 1027 3122 ἀλλὰ
1052 3075 1123 3136 νῆας

105 3150 222 3212 ποιήσαι
246 3141 268 3196 Ο
297 3173 332 3182 -
361 3139 472 3196 οίκειῶν
496 3138 520 3193 G
549 3172 581 3180 —
610 3144 646 3192 34
664 3138 759 3193 Verba
784 3134 830 3193 ἐπὶ
852 3136 1122 3209 Μένωνος,.Προ-

107 3218 200 3284 μηθεῖ
215 3215 281 3281 post
300 3211 330 3268 οί
346 3211 457 3282 έλληνες
475 3212 636 3280 τριακοσίας
654 3207 743 3281 μόνας
761 3219 831 3273 ναῦς
848 3206 924 3279 εἶχον
938 3209 1035 3266 colloc.
1052 3211 1072 3264 L
1090 3243 1122 3252 -

107 3293 141 3339 35
161 3285 175 3340 ὁ
198 3283 332 3355 Αἰσχύλος
354 3285 375 3338 L
402 3316 432 3324 —
458 3289 566 3354 φρυνεῖ
584 3283 606 3336 L
627 3313 660 3322 -
684 3288 787 3336 ποτνεῖ
804 3282 825 3334 L
845 3313 878 3322 -
903 3288 936 3336 37
955 3281 1049 3338 Verba.
1073 3292 1123 3338 τοῦ

106 3354 215 3426 Ξέρξου
231 3356 428 3448 ..γράφουσιν
448 3372 502 3410 om.
522 3355 543 3409 L
564 3385 598 3396 -
617 3350 710 3410 ίστέον
729 3352 771 3408 ὅτι
789 3361 839 3408 τοῦ
859 3350 957 3425 ξέρξου
977 3353 1001 3409 G
1020 3387 1053 3395 —
1073 3364 1122 3410 τοῦ

102 3425 205 3495 ’ξέρξου
227 3447 327 3483 τουτου
346 3427 372 3481 V
390 3427 437 3497 (cf.
462 3426 526 3482 adn.
544 3425 610 3497 Dd.)
643 3457 676 3467 -
710 3430 743 3480 38
763 3423 794 3480 δὲ
814 3430 881 3515 post
897 3427 950 3496 γίν.
971 3444 1024 3481 om.
1046 3426 1069 3480 G
1088 3459 1124 3469 -

107 3505 141 3553 39
162 3497 233 3554 εἰσιν
252 3499 278 3553 Η
302 3531 335 3540 -
362 3497 482 3568 ὑστάτης
501 3497 532 3567 Ο,
560 3495 675 3566 ὑπάτης
695 3497 728 3563 V,
752 3498 873 3552 ύστατου
892 3497 930 3564 Η,
955 3496 1073 3560 ύστατος
1091 3497 1123 3566 G,

102 3571 182 3625 recte
202 3571 223 3624 P
242 3601 276 3611 -
295 3572 462 3642 προκριθείς
476 3590 505 3626 τε
523 3570 577 3626 Dd.
597 3587 632 3624 ex
649 3569 671 3621 P
691 3601 723 3609 -
743 3576 778 3624 40
797 3569 925 3642 βασιλεὺς
943 3568 969 3622 V
