2430 3856
110 167 174 230 148
541 168 697 220 SOHOLIA

109 332 264 418 <χαλκςό>
304 326 626 413 κατεσκευασμένοις.
685 334 963 414 περιεκυκλοῦντο
1002 325 1038 394 δὲ
1075 327 1131 395 καὶ

110 447 267 522 συνεῖχον
290 438 448 522 γύρωθεν
476 444 586 501 πᾶσαν
609 438 670 521 τὴν
694 445 810 520 νῆσον,
840 436 923 501 ὥστε
946 435 1131 521 ἀμηχανεῖν

110 545 188 621 τοὺς
211 541 345 631 Πέρσας
369 543 445 608 ὅποι
469 543 619 627 φύγοιεν.

154 674 157 680 ’
201 702 367 773 τγιρωειι
390 701 475 770 vulgo
500 718 568 770 om,
592 700 645 754 οε.
670 700 733 755 τοι.
754 716 788 755 ex
806 700 840 768 12,
870 699 945 756 idem
969 699 1129 755 1an-

111 782 126 829 9
146 781 202 828 ποῦ
221 772 365 842 vulgthl.

178 973 245 1037 462
256 993 325 1055 sqq.
362 971 469 1036 πολλὰ
491 966 553 1056 μὲν
575 971 639 1054 γάρ
664 969 700 1035 ἐκ
717 982 837 1057 χερῶνε
860 971 967 1036 πολλά
985 967 1048 1055 μὲν
1066 971 1129 1055 γάρ

112 1078 148 1145 ἐκ
170 1088 278 1164 χερῶν
297 1077 486 1161 ἠράσσαντο
505 1073 676 1163 πέτροισιν
694 1078 802 1161 ἤγουν
821 1081 932 1155 λίθοις
950 1077 1129 1162 ἐβάλλοντο

111 1184 168 1252 καὶ
196 1188 434 1271 συνετρίβοντο
463 1184 797 1268 λιθολευστούμενοι,
826 1183 889 1249 άπὸ
917 1192 975 1268 της
1002 1184 1131 1268 τοξικῆς

111 1317 146 1358 τε
169 1293 342 1379 θώμιγγος
365 1289 411 1357 col
433 1289 489 1356 καὶ
512 1289 592 1375 βέλη
615 1293 878 1375 προσπίπτοντες
897 1292 1052 1357 ὤλλυσαν
1075 1289 1130 1358 καὶ

85 1404 278 1486 ιέφθειραν
296 1401 375 1474 τοὺς
394 1395 535 1482 Πέρσας.
571 1395 703 1480 θῶμιγξ
728 1395 767 1461 δέ
788 1397 878 1462 ἐστιν
898 1397 915 1463 ὁ
934 1400 1131 1476 λεπτότατος

113 1517 255 1593 σχοῖνος.
300 1514 565 1588 καταχρηστικῶς
589 1501 626 1568 δὲ
649 1503 797 1568 ἐνταῦθα
821 1504 908 1587 λέγει
927 1505 987 1588 τὴν
1005 1507 1131 1591 νευράν

111 1624 173 1681 τοῦ
195 1612 303 1691 τόξου.

185 1758 199 1806 1
224 1751 337 1806 initium
355 1766 453 1818 ,usque
481 1752 517 1804 ad
543 1749 686 1819 πέτροισιν
710 1749 740 1803 in
762 1749 788 1803 H
810 1749 1005 1805 invenitur-
1029 1756 1045 1804 2
1066 1746 1079 1807 ἐ
1099 1749 1133 1806 ά-

113 1827 194 1880 λοντο
208 1824 243 1891 V,
263 1819 432 1896 ἐμβάλλοντα
451 1821 478 1874 Η
497 1852 530 1862 -·
550 1829 566 1877 3
585 1821 634 1876 καὶ
653 1822 709 1876 ἀπὸ
723 1821 757 1890 V,
777 1821 826 1891 qui
844 1841 873 1876 τε
893 1839 947 1876 om.
963 1853 996 1862 -
1016 1829 1033 1876 4
1053 1825 1132 1895 βελος

113 1897 139 1950 Η
159 1928 192 1936 -
212 1895 322 1949 ὥλνσαν
341 1893 376 1961 H,
400 1893 506 1948 ὤλεσαν
524 1891 559 1960 V,
583 1890 684 1947 ἔλυσαν
703 1893 789 1962 vulgo
810 1925 843 1934 —
863 1899 879 1947 5
898 1893 990 1963 θώμιξ
1010 1894 1048 1961 H,
1072 1897 1131 1949 θά-

113 1968 177 2037 μιγξ
200 1965 319 2034 vulgov
341 1997 370 2004 —
396 1969 412 2017 6
432 1973 661 2034 μεταφορητικῶς
678 1964 718 2034 H,
741 1972 935 2035 μεταφορικῶς
958 1967 1024 2021 cebt.
1046 1997 1079 2006 -
1099 1963 1132 2021 δὲ

114 2056 168 2092 om.
188 2037 214 2090 V
234 2067 267 2077 -
288 2043 303 2090 ⁷
322 2043 372 2090 τοῦ
390 2033 474 2101 τόξον
493 2052 547 2090 om.
563 2035 619 2089 VH

181 2216 247 2282 465
258 2237 327 2302 sqq.
362 2213 457 2292 τέλος
480 2210 511 2279 δ’
538 2214 799 2299 ἐφορμηθέντεςτ
822 2217 964 2298 ὕστερον
984 2213 1020 2281 δὲ
1039 2241 1132 2300 κινη-

114 2322 232 2401 θέντες
255 2322 340 2406 ὁμοῦ
363 2323 482 2400 πάντες
505 2322 541 2387 ολ
553 2320 711 2405 Ἕλληνες
735 2322 767 2401 ἐξ
791 2321 867 2400 ἑνὸς
890 2323 998 2408 ῥόθου
1021 2323 1075 2389 καὶ
1096 2322 1132 2389 ἐκ

115 2441 190 2517 μιᾶς
214 2431 317 2516 ῥοπῆς
340 2437 560 2514 κρεοκοποῦσι
583 2430 641 2506 τάς
659 2429 790 2515 σάρκας,
804 2440 872 2494 τῶν
896 2428 1026 2494 ἀθλίων
1045 2434 1132 2514 Περ-

116 2550 196 2621 σῶν,
215 2539 277 2616 ἕως
299 2538 518 2603 ἐθανάτωσαν
532 2538 689 2620 ἅπαντας,
712 2535 869 2620 ὁΞέρξης
888 2532 924 2600 δὲ
944 2535 1132 2621 ἐθρήνησεν

89 2645 207 2730 ιὸρῶν
230 2645 337 2728 βάθος
360 2655 479 2710 κακῶν.
525 2644 545 2727 η
569 2644 740 2728 μεταφορὰ
764 2643 827 2708 άπὸ
851 2654 917 2708 τῶν
940 2643 1082 2708 ὑδάτων.

205 2807 221 2855 2
241 2799 273 2856 ἐκ
292 2819 346 2856 om.
365 2801 391 2852 V
411 2833 444 2842 -
465 2809 479 2855 3
499 2809 704 2871 κρεοκοποῦσι,
728 2799 807 2854 utin
831 2802 911 2856 textu
929 2800 1056 2870 fabulae,
1076 2800 1131 2854 VH

117 2905 149 2914 -
170 2880 187 2927 4
206 2871 295 2943 ἤγουν
313 2888 363 2942 pro
383 2870 434 2936 ἕως
452 2872 505 2926 Dd.
525 2889 559 2926 ex
576 2871 599 2926 Ρ

185 3395 250 3460 469
262 3415 333 3478 sqq.
370 3391 473 3478 ἕδραν
510 3392 573 3476 γάρ
611 3386 711 3476 εἶχενε
747 3389 891 3474 ἐκάθητο
929 3390 966 3455 ἐν
1002 3391 1132 3480 ὑψηλῷ,

180 3561 195 3604 1
214 3549 308 3623 έθραν
324 3549 380 3624 γάρ
400 3547 477 3626 εἶχεν
496 3548 545 3607 καλ
563 3543 689 3622 ἐκάθητο
702 3547 858 3620 ἰυλςοῦάῚ
877 3545 962 3616 ἕδραν
975 3547 1029 3617 ηὰρ
1045 3546 1133 3618 εἷχενε
