<?xml version="1.0" encoding="UTF-8"?>
<!DOCTYPE html PUBLIC "-//W3C//DTD XHTML 1.0 Transitional//EN"
    "http://www.w3.org/TR/xhtml1/DTD/xhtml1-transitional.dtd">
<html xmlns="http://www.w3.org/1999/xhtml" xml:lang="en" lang="en">
 <head>
  <title>
</title>
<meta http-equiv="Content-Type" content="text/html;charset=utf-8" />
  <meta name='ocr-system' content='tesseract 3.04.00' />
  <meta name='ocr-capabilities' content='ocr_page ocr_carea ocr_par ocr_line ocrx_word'/>
</head>
<body>
  <div class='ocr_page' id='page_1' title='image "./scholiainaeschy01dhgoog_0020.png"; bbox 0 0 2430 3856; ppageno 0'>
   <div class='ocr_carea' id='block_1_1' title="bbox 486 155 1105 208">
    <p class='ocr_par' dir='ltr' id='par_1_1' title="bbox 486 155 1105 208">
     <span class='ocr_line' id='line_1_1' title="bbox 486 155 1105 208; baseline 0 -2"><span class='ocrx_word' id='word_1_1' title='bbox 486 155 698 208; x_wconf 81' lang='lat' dir='ltr'><strong>PRAEFATIO.</strong></span> <span class='ocrx_word' id='word_1_2' title='bbox 1053 157 1105 206; x_wconf 84' lang='lat' dir='ltr'><strong>XV</strong></span> 
     </span>
    </p>
   </div>
   <div class='ocr_carea' id='block_1_2' title="bbox 31 315 1117 2433">
    <p class='ocr_par' dir='ltr' id='par_1_2' title="bbox 81 315 1105 596">
     <span class='ocr_line' id='line_1_2' title="bbox 152 315 1105 403; baseline 0 -22"><span class='ocrx_word' id='word_1_3' title='bbox 152 315 301 402; x_wconf 89' lang='lat' dir='ltr'><strong>Denique</strong></span> <span class='ocrx_word' id='word_1_4' title='bbox 335 315 375 381; x_wconf 92' lang='lat' dir='ltr'><strong>ad</strong></span> <span class='ocrx_word' id='word_1_5' title='bbox 409 315 581 381; x_wconf 79' lang='lat' dir='ltr'>editionem</span> <span class='ocrx_word' id='word_1_6' title='bbox 610 315 806 381; x_wconf 84' lang='lat' dir='ltr'><strong>scholiorum</strong></span> <span class='ocrx_word' id='word_1_7' title='bbox 834 315 866 381; x_wconf 91' lang='lat' dir='ltr'><strong>A</strong></span> <span class='ocrx_word' id='word_1_8' title='bbox 893 315 946 381; x_wconf 89' lang='lat' dir='ltr'><strong>his</strong></span> <span class='ocrx_word' id='word_1_9' title='bbox 975 339 1105 403; x_wconf 90' lang='lat' dir='ltr'><strong>quoque</strong></span> 
     </span>
     <span class='ocr_line' id='line_1_3' title="bbox 81 422 1105 508; baseline -0.003 -18"><span class='ocrx_word' id='word_1_10' title='bbox 81 446 161 490; x_wconf 87' lang='lat' dir='ltr'><strong>usus</strong></span> <span class='ocrx_word' id='word_1_11' title='bbox 186 445 258 489; x_wconf 91' lang='lat' dir='ltr'><strong>sum</strong></span> <span class='ocrx_word' id='word_1_12' title='bbox 287 423 466 508; x_wconf 83' lang='lat' dir='ltr'><strong>codicibus,</strong></span> <span class='ocrx_word' id='word_1_13' title='bbox 494 445 575 508; x_wconf 89' lang='lat' dir='ltr'><strong>quos</strong></span> <span class='ocrx_word' id='word_1_14' title='bbox 602 445 670 487; x_wconf 91' lang='lat' dir='ltr'><strong>non</strong></span> <span class='ocrx_word' id='word_1_15' title='bbox 697 423 762 487; x_wconf 92' lang='lat' dir='ltr'><strong>nisi</strong></span> <span class='ocrx_word' id='word_1_16' title='bbox 792 445 831 488; x_wconf 86' lang='lat' dir='ltr'><strong>ex</strong></span> <span class='ocrx_word' id='word_1_17' title='bbox 856 422 1016 489; x_wconf 90' lang='lat' dir='ltr'><strong>Dindorfii</strong></span> <span class='ocrx_word' id='word_1_18' title='bbox 1039 423 1105 488; x_wconf 89' lang='lat' dir='ltr'><strong>edi-</strong></span> 
     </span>
     <span class='ocr_line' id='line_1_4' title="bbox 82 530 288 596; baseline -0.01 0"><span class='ocrx_word' id='word_1_19' title='bbox 82 530 174 596; x_wconf 86' lang='lat' dir='ltr'><strong>tione</strong></span> <span class='ocrx_word' id='word_1_20' title='bbox 197 530 288 595; x_wconf 88' lang='lat' dir='ltr'><strong>novi:</strong></span> 
     </span>
    </p>

    <p class='ocr_par' dir='ltr' id='par_1_3' title="bbox 81 635 1106 829">
     <span class='ocr_line' id='line_1_5' title="bbox 148 635 1106 722; baseline 0 -20"><span class='ocrx_word' id='word_1_21' title='bbox 148 636 195 702; x_wconf 84' lang='lat' dir='ltr'><strong>P:</strong></span> <span class='ocrx_word' id='word_1_22' title='bbox 220 637 319 702; x_wconf 81' lang='lat' dir='ltr'><strong>codex</strong></span> <span class='ocrx_word' id='word_1_23' title='bbox 342 635 510 701; x_wconf 81' lang='lat' dir='ltr'><strong>Parisinus</strong></span> <span class='ocrx_word' id='word_1_24' title='bbox 534 637 621 702; x_wconf 78' lang='grc'>2787</span> <span class='ocrx_word' id='word_1_25' title='bbox 646 636 845 717; x_wconf 80' lang='lat' dir='ltr'><strong>chartaceus,</strong></span> <span class='ocrx_word' id='word_1_26' title='bbox 869 637 991 702; x_wconf 86' lang='lat' dir='ltr'><strong>saeculi</strong></span> <span class='ocrx_word' id='word_1_27' title='bbox 1014 637 1106 722; x_wconf 86' lang='lat' dir='ltr'><strong>XIV,</strong></span> 
     </span>
     <span class='ocr_line' id='line_1_6' title="bbox 81 743 927 829; baseline 0.001 -20"><span class='ocrx_word' id='word_1_28' title='bbox 81 750 149 809; x_wconf 85' lang='lat' dir='ltr'><strong>tres</strong></span> <span class='ocrx_word' id='word_1_29' title='bbox 172 743 295 828; x_wconf 88' lang='lat' dir='ltr'><strong>primas</strong></span> <span class='ocrx_word' id='word_1_30' title='bbox 318 743 449 808; x_wconf 84' lang='lat' dir='ltr'><strong>fabulas</strong></span> <span class='ocrx_word' id='word_1_31' title='bbox 473 747 505 808; x_wconf 92' lang='lat' dir='ltr'><strong>et</strong></span> <span class='ocrx_word' id='word_1_32' title='bbox 528 743 654 826; x_wconf 85' lang='lat' dir='ltr'><strong>scholia</strong></span> <span class='ocrx_word' id='word_1_33' title='bbox 677 743 708 808; x_wconf 90' lang='lat' dir='ltr'><strong>A</strong></span> <span class='ocrx_word' id='word_1_34' title='bbox 731 745 927 829; x_wconf 87' lang='lat' dir='ltr'><strong>complexus.</strong></span> 
     </span>
    </p>

    <p class='ocr_par' dir='ltr' id='par_1_4' title="bbox 81 847 1102 1023">
     <span class='ocr_line' id='line_1_7' title="bbox 150 847 1102 936; baseline -0.001 -20"><span class='ocrx_word' id='word_1_35' title='bbox 150 847 193 917; x_wconf 82' lang='lat'><strong>0:</strong></span> <span class='ocrx_word' id='word_1_36' title='bbox 223 850 323 916; x_wconf 86' lang='lat' dir='ltr'><strong>codex</strong></span> <span class='ocrx_word' id='word_1_37' title='bbox 346 851 513 915; x_wconf 86' lang='lat' dir='ltr'><strong>Parisinus</strong></span> <span class='ocrx_word' id='word_1_38' title='bbox 537 851 626 916; x_wconf 79' lang='lat'>2785</span> <span class='ocrx_word' id='word_1_39' title='bbox 649 850 761 936; x_wconf 88' lang='lat' dir='ltr'><strong>paullo</strong></span> <span class='ocrx_word' id='word_1_40' title='bbox 785 852 962 936; x_wconf 74' lang='lat' dir='ltr'><strong>antiquior,</strong></span> <span class='ocrx_word' id='word_1_41' title='bbox 990 851 1102 917; x_wconf 88' lang='lat' dir='ltr'><strong>eadem</strong></span> 
     </span>
     <span class='ocr_line' id='line_1_8' title="bbox 81 958 248 1023; baseline -0.006 0"><span class='ocrx_word' id='word_1_42' title='bbox 81 958 248 1023; x_wconf 82' lang='lat' dir='ltr'><strong>exhibens.</strong></span> 
     </span>
    </p>

    <p class='ocr_par' dir='ltr' id='par_1_5' title="bbox 31 1062 1104 1803">
     <span class='ocr_line' id='line_1_9' title="bbox 148 1062 1104 1150; baseline 0.001 -20"><span class='ocrx_word' id='word_1_43' title='bbox 148 1063 329 1149; x_wconf 76' lang='lat' dir='ltr'><strong>Utriusque</strong></span> <span class='ocrx_word' id='word_1_44' title='bbox 353 1065 556 1150; x_wconf 85' lang='lat' dir='ltr'><strong>glossemata</strong></span> <span class='ocrx_word' id='word_1_45' title='bbox 579 1062 664 1130; x_wconf 72' lang='lat' dir='ltr'><strong>‘oum</strong></span> <span class='ocrx_word' id='word_1_46' title='bbox 693 1064 818 1130; x_wconf 91' lang='lat' dir='ltr'><strong>delectu</strong></span> <span class='ocrx_word' id='word_1_47' title='bbox 847 1063 1000 1150; x_wconf 88' lang='lat' dir='ltr'><strong>quodam&#39;</strong></span> <span class='ocrx_word' id='word_1_48' title='bbox 1024 1064 1104 1131; x_wconf 90' lang='lat' dir='ltr'><strong>Din-</strong></span> 
     </span>
     <span class='ocr_line' id='line_1_10' title="bbox 83 1170 1102 1259; baseline 0.002 -22"><span class='ocrx_word' id='word_1_49' title='bbox 83 1173 203 1237; x_wconf 89' lang='lat' dir='ltr'><strong>dortius</strong></span> <span class='ocrx_word' id='word_1_50' title='bbox 228 1170 410 1257; x_wconf 84' lang='lat' dir='ltr'><strong>exscripsit,</strong></span> <span class='ocrx_word' id='word_1_51' title='bbox 433 1171 525 1236; x_wconf 90' lang='lat' dir='ltr'><strong>nulla</strong></span> <span class='ocrx_word' id='word_1_52' title='bbox 548 1175 668 1256; x_wconf 90' lang='lat' dir='ltr'><strong>tamen,</strong></span> <span class='ocrx_word' id='word_1_53' title='bbox 695 1194 777 1257; x_wconf 89' lang='lat' dir='ltr'><strong>quae</strong></span> <span class='ocrx_word' id='word_1_54' title='bbox 801 1173 841 1237; x_wconf 88' lang='lat' dir='ltr'><strong>ad</strong></span> <span class='ocrx_word' id='word_1_55' title='bbox 864 1171 980 1239; x_wconf 87' lang='lat' dir='ltr'><strong>Persas</strong></span> <span class='ocrx_word' id='word_1_56' title='bbox 1004 1175 1102 1259; x_wconf 89' lang='lat' dir='ltr'><strong>perti·</strong></span> 
     </span>
     <span class='ocr_line' id='line_1_11' title="bbox 80 1277 1101 1372; baseline 0.002 -28"><span class='ocrx_word' id='word_1_57' title='bbox 80 1282 175 1364; x_wconf 89' lang='lat' dir='ltr'><strong>nent,</strong></span> <span class='ocrx_word' id='word_1_58' title='bbox 208 1279 350 1363; x_wconf 83' lang='lat' dir='ltr'><strong>exceptis</strong></span> <span class='ocrx_word' id='word_1_59' title='bbox 384 1277 491 1365; x_wconf 85' lang='lat' dir='ltr'><strong>gll.O</strong></span> <span class='ocrx_word' id='word_1_60' title='bbox 520 1280 593 1343; x_wconf 64' lang='lat' dir='ltr'><strong>a?</strong></span> <span class='ocrx_word' id='word_1_61' title='bbox 622 1283 656 1372; x_wconf 84' lang='lat' dir='ltr'><strong>et</strong></span> <span class='ocrx_word' id='word_1_62' title='bbox 680 1279 709 1344; x_wconf 82' lang='lat'><strong>7.</strong></span> <span class='ocrx_word' id='word_1_63' title='bbox 759 1278 832 1344; x_wconf 88' lang='lat' dir='ltr'><strong>Hoc</strong></span> <span class='ocrx_word' id='word_1_64' title='bbox 869 1281 998 1364; x_wconf 90' lang='lat' dir='ltr'><strong>quidem</strong></span> <span class='ocrx_word' id='word_1_65' title='bbox 1027 1282 1101 1346; x_wconf 93' lang='lat' dir='ltr'><strong>ulti·</strong></span> 
     </span>
     <span class='ocr_line' id='line_1_12' title="bbox 80 1384 1103 1472; baseline 0.003 -22"><span class='ocrx_word' id='word_1_66' title='bbox 80 1408 170 1450; x_wconf 93' lang='lat' dir='ltr'><strong>mum</strong></span> <span class='ocrx_word' id='word_1_67' title='bbox 204 1386 238 1449; x_wconf 89' lang='lat' dir='ltr'><strong>iu</strong></span> <span class='ocrx_word' id='word_1_68' title='bbox 272 1385 382 1451; x_wconf 91' lang='lat' dir='ltr'><strong>codice</strong></span> <span class='ocrx_word' id='word_1_69' title='bbox 415 1408 485 1450; x_wconf 90' lang='lat' dir='ltr'><strong>esse</strong></span> <span class='ocrx_word' id='word_1_70' title='bbox 519 1385 639 1452; x_wconf 90' lang='lat' dir='ltr'><strong>diserte</strong></span> <span class='ocrx_word' id='word_1_71' title='bbox 672 1387 758 1451; x_wconf 87' lang='lat' dir='ltr'><strong>dicit.</strong></span> <span class='ocrx_word' id='word_1_72' title='bbox 809 1384 941 1452; x_wconf 82' lang='lat' dir='ltr'><strong>Scholia</strong></span> <span class='ocrx_word' id='word_1_73' title='bbox 973 1390 1004 1453; x_wconf 86' lang='grc' dir='ltr'><strong>Α</strong></span> <span class='ocrx_word' id='word_1_74' title='bbox 1037 1411 1103 1472; x_wconf 90' lang='lat' dir='ltr'><strong>quo</strong></span> 
     </span>
     <span class='ocr_line' id='line_1_13' title="bbox 80 1491 1100 1579; baseline 0.002 -22"><span class='ocrx_word' id='word_1_75' title='bbox 80 1492 178 1558; x_wconf 87' lang='lat' dir='ltr'><strong>modo</strong></span> <span class='ocrx_word' id='word_1_76' title='bbox 202 1493 236 1557; x_wconf 89' lang='lat' dir='ltr'><strong>in</strong></span> <span class='ocrx_word' id='word_1_77' title='bbox 260 1491 288 1558; x_wconf 95' lang='lat' dir='ltr'>O</span> <span class='ocrx_word' id='word_1_78' title='bbox 312 1497 345 1557; x_wconf 91' lang='lat' dir='ltr'><strong>et</strong></span> <span class='ocrx_word' id='word_1_79' title='bbox 368 1493 394 1557; x_wconf 94' lang='lat' dir='ltr'><strong>P</strong></span> <span class='ocrx_word' id='word_1_80' title='bbox 417 1493 540 1557; x_wconf 87' lang='lat' dir='ltr'><strong>tradita</strong></span> <span class='ocrx_word' id='word_1_81' title='bbox 563 1493 642 1578; x_wconf 88' lang='lat' dir='ltr'><strong>sint,</strong></span> <span class='ocrx_word' id='word_1_82' title='bbox 670 1494 860 1579; x_wconf 90' lang='lat' dir='ltr'><strong>plerumque</strong></span> <span class='ocrx_word' id='word_1_83' title='bbox 884 1496 999 1575; x_wconf 90' lang='lat' dir='ltr'><strong>neseis,</strong></span> <span class='ocrx_word' id='word_1_84' title='bbox 1027 1518 1100 1561; x_wconf 91' lang='lat' dir='ltr'><strong>cum</strong></span> 
     </span>
     <span class='ocr_line' id='line_1_14' title="bbox 31 1593 1103 1686; baseline 0.002 -22"><span class='ocrx_word' id='word_1_85' title='bbox 31 1593 32 1596; x_wconf 28' lang='lat'>¹</span> <span class='ocrx_word' id='word_1_86' title='bbox 80 1600 247 1666; x_wconf 88' lang='lat' dir='ltr'><strong>rarissime</strong></span> <span class='ocrx_word' id='word_1_87' title='bbox 271 1599 376 1665; x_wconf 89' lang='lat' dir='ltr'><strong>editor</strong></span> <span class='ocrx_word' id='word_1_88' title='bbox 404 1600 510 1665; x_wconf 88' lang='lat' dir='ltr'><strong>varias</strong></span> <span class='ocrx_word' id='word_1_89' title='bbox 538 1600 696 1666; x_wconf 87' lang='lat' dir='ltr'><strong>lectiones</strong></span> <span class='ocrx_word' id='word_1_90' title='bbox 725 1602 939 1667; x_wconf 83' lang='lat' dir='ltr'><strong>adnotaverit.</strong></span> <span class='ocrx_word' id='word_1_91' title='bbox 985 1601 1103 1686; x_wconf 88' lang='lat' dir='ltr'><strong>Itaque</strong></span> 
     </span>
     <span class='ocr_line' id='line_1_15' title="bbox 80 1705 1007 1803; baseline 0.002 -32"><span class='ocrx_word' id='word_1_92' title='bbox 80 1709 269 1793; x_wconf 88' lang='lat' dir='ltr'><strong>plerumque</strong></span> <span class='ocrx_word' id='word_1_93' title='bbox 292 1729 352 1790; x_wconf 91' lang='lat' dir='ltr'><strong>pro</strong></span> <span class='ocrx_word' id='word_1_94' title='bbox 376 1708 470 1792; x_wconf 83' lang='lat' dir='ltr'><strong>siglis</strong></span> <span class='ocrx_word' id='word_1_95' title='bbox 495 1705 530 1803; x_wconf 68' lang='lat' dir='ltr'><strong>O⁸</strong></span> <span class='ocrx_word' id='word_1_96' title='bbox 547 1714 579 1772; x_wconf 89' lang='lat' dir='ltr'><strong>et</strong></span> <span class='ocrx_word' id='word_1_97' title='bbox 602 1708 628 1771; x_wconf 94' lang='lat' dir='ltr'><strong>P</strong></span> <span class='ocrx_word' id='word_1_98' title='bbox 652 1707 785 1772; x_wconf 90' lang='lat' dir='ltr'><strong>adhibui</strong></span> <span class='ocrx_word' id='word_1_99' title='bbox 808 1713 921 1772; x_wconf 90' lang='lat' dir='ltr'><strong>notam</strong></span> <span class='ocrx_word' id='word_1_100' title='bbox 946 1708 1007 1774; x_wconf 91' lang='lat' dir='ltr'><strong>Dd.</strong></span> 
     </span>
    </p>

    <p class='ocr_par' dir='ltr' id='par_1_6' title="bbox 79 1809 1117 2433">
     <span class='ocr_line' id='line_1_16' title="bbox 148 1809 1117 1898; baseline 0 -20"><span class='ocrx_word' id='word_1_101' title='bbox 148 1813 211 1879; x_wconf 90' lang='lat' dir='ltr'><strong>Pro</strong></span> <span class='ocrx_word' id='word_1_102' title='bbox 234 1809 267 1878; x_wconf 85' lang='lat' dir='ltr'><strong>A</strong></span> <span class='ocrx_word' id='word_1_103' title='bbox 289 1813 408 1893; x_wconf 90' lang='lat' dir='ltr'><strong>littera,</strong></span> <span class='ocrx_word' id='word_1_104' title='bbox 437 1837 502 1898; x_wconf 91' lang='lat' dir='ltr'><strong>qua</strong></span> <span class='ocrx_word' id='word_1_105' title='bbox 525 1814 651 1879; x_wconf 91' lang='lat' dir='ltr'><strong>scholia</strong></span> <span class='ocrx_word' id='word_1_106' title='bbox 675 1814 826 1879; x_wconf 89' lang='lat' dir='ltr'><strong>editionis</strong></span> <span class='ocrx_word' id='word_1_107' title='bbox 850 1814 1058 1880; x_wconf 86' lang='lat' dir='ltr'><strong>Stanleianae</strong></span> <span class='ocrx_word' id='word_1_108' title='bbox 1082 1839 1117 1894; x_wconf 86' lang='lat' dir='ltr'><strong>a</strong></span> 
     </span>
     <span class='ocr_line' id='line_1_17' title="bbox 82 1920 1102 2006; baseline 0 -21"><span class='ocrx_word' id='word_1_109' title='bbox 82 1920 250 1985; x_wconf 87' lang='lat' dir='ltr'><strong>Dindorfio</strong></span> <span class='ocrx_word' id='word_1_110' title='bbox 278 1922 419 2004; x_wconf 88' lang='lat' dir='ltr'><strong>repetita</strong></span> <span class='ocrx_word' id='word_1_111' title='bbox 447 1922 687 2006; x_wconf 87' lang='lat' dir='ltr'><strong>significantur,</strong></span> <span class='ocrx_word' id='word_1_112' title='bbox 719 1925 777 1985; x_wconf 92' lang='lat' dir='ltr'><strong>aut</strong></span> <span class='ocrx_word' id='word_1_113' title='bbox 804 1922 938 1986; x_wconf 89' lang='lat' dir='ltr'><strong>nomina</strong></span> <span class='ocrx_word' id='word_1_114' title='bbox 973 1922 1102 1988; x_wconf 73' lang='lat' dir='ltr'><strong>Wctorii</strong></span> 
     </span>
     <span class='ocr_line' id='line_1_18' title="bbox 82 2027 1104 2114; baseline 0 -22"><span class='ocrx_word' id='word_1_115' title='bbox 82 2032 116 2092; x_wconf 90' lang='lat' dir='ltr'><strong>et</strong></span> <span class='ocrx_word' id='word_1_116' title='bbox 134 2028 262 2094; x_wconf 81' lang='lat' dir='ltr'><strong>Pauwii</strong></span> <span class='ocrx_word' id='word_1_117' title='bbox 285 2028 450 2112; x_wconf 87' lang='lat' dir='ltr'><strong>substitui,</strong></span> <span class='ocrx_word' id='word_1_118' title='bbox 474 2051 612 2114; x_wconf 92' lang='lat' dir='ltr'><strong>quorum</strong></span> <span class='ocrx_word' id='word_1_119' title='bbox 635 2028 793 2095; x_wconf 89' lang='lat' dir='ltr'><strong>editiones</strong></span> <span class='ocrx_word' id='word_1_120' title='bbox 818 2052 891 2094; x_wconf 92' lang='lat' dir='ltr'><strong>cum</strong></span> <span class='ocrx_word' id='word_1_121' title='bbox 911 2027 1104 2094; x_wconf 82' lang='lat' dir='ltr'><strong>Stanleiana</strong></span> 
     </span>
     <span class='ocr_line' id='line_1_19' title="bbox 81 2134 1100 2222; baseline 0.001 -23"><span class='ocrx_word' id='word_1_122' title='bbox 81 2134 149 2199; x_wconf 86' lang='lat' dir='ltr'><strong>fere</strong></span> <span class='ocrx_word' id='word_1_123' title='bbox 178 2135 421 2201; x_wconf 87' lang='lat' dir='ltr'><strong>consentientes</strong></span> <span class='ocrx_word' id='word_1_124' title='bbox 450 2136 504 2220; x_wconf 80' lang='lat' dir='ltr'><strong>(cf.</strong></span> <span class='ocrx_word' id='word_1_125' title='bbox 528 2136 625 2201; x_wconf 84' lang='lat' dir='ltr'><strong>Dind.</strong></span> <span class='ocrx_word' id='word_1_126' title='bbox 649 2137 723 2203; x_wconf 88' lang='lat' dir='ltr'><strong>edit.</strong></span> <span class='ocrx_word' id='word_1_127' title='bbox 747 2137 847 2203; x_wconf 92' lang='lat' dir='ltr'><strong>schol.</strong></span> <span class='ocrx_word' id='word_1_128' title='bbox 871 2161 902 2222; x_wconf 89' lang='lat' dir='ltr'><strong>p.</strong></span> <span class='ocrx_word' id='word_1_129' title='bbox 920 2135 981 2221; x_wconf 86' lang='lat' dir='ltr'><strong>VI)</strong></span> <span class='ocrx_word' id='word_1_130' title='bbox 1009 2159 1100 2202; x_wconf 90' lang='lat' dir='ltr'><strong>accu-</strong></span> 
     </span>
     <span class='ocr_line' id='line_1_20' title="bbox 79 2243 1104 2328; baseline 0 -22"><span class='ocrx_word' id='word_1_131' title='bbox 79 2243 244 2307; x_wconf 87' lang='lat' dir='ltr'><strong>ratissime</strong></span> <span class='ocrx_word' id='word_1_132' title='bbox 272 2243 411 2326; x_wconf 90' lang='lat' dir='ltr'><strong>contuli,</strong></span> <span class='ocrx_word' id='word_1_133' title='bbox 444 2248 502 2308; x_wconf 89' lang='lat' dir='ltr'><strong>aut</strong></span> <span class='ocrx_word' id='word_1_134' title='bbox 534 2246 561 2308; x_wconf 91' lang='lat' dir='ltr'><strong>si</strong></span> <span class='ocrx_word' id='word_1_135' title='bbox 589 2246 672 2308; x_wconf 89' lang='lat' dir='ltr'><strong>alter</strong></span> <span class='ocrx_word' id='word_1_136' title='bbox 701 2267 774 2310; x_wconf 91' lang='lat' dir='ltr'><strong>cum</strong></span> <span class='ocrx_word' id='word_1_137' title='bbox 806 2246 910 2309; x_wconf 92' lang='lat' dir='ltr'><strong>altero</strong></span> <span class='ocrx_word' id='word_1_138' title='bbox 942 2244 1104 2328; x_wconf 86' lang='lat' dir='ltr'><strong>congruit,</strong></span> 
     </span>
     <span class='ocr_line' id='line_1_21' title="bbox 79 2349 492 2433; baseline 0.007 -21"><span class='ocrx_word' id='word_1_139' title='bbox 79 2369 193 2413; x_wconf 84' lang='lat' dir='ltr'><strong>vocem</strong></span> <span class='ocrx_word' id='word_1_140' title='bbox 216 2349 305 2433; x_wconf 73' lang='lat' dir='ltr'><strong>culpo</strong></span> <span class='ocrx_word' id='word_1_141' title='bbox 330 2351 492 2417; x_wconf 87' lang='lat' dir='ltr'><strong>adnotavi.</strong></span> 
     </span>
    </p>
   </div>
   <div class='ocr_carea' id='block_1_3' title="bbox 576 2730 603 2801">
    <p class='ocr_par' dir='ltr' id='par_1_7' title="bbox 576 2730 603 2801">
     <span class='ocr_line' id='line_1_22' title="bbox 576 2730 603 2801; baseline 0 0"><span class='ocrx_word' id='word_1_142' title='bbox 576 2730 603 2801; x_wconf 86' lang='grc' dir='ltr'><strong>Ι.</strong></span> 
     </span>
    </p>
   </div>
   <div class='ocr_carea' id='block_1_4' title="bbox 80 2880 1102 3614">
    <p class='ocr_par' dir='ltr' id='par_1_8' title="bbox 80 2880 1102 3614">
     <span class='ocr_line' id='line_1_23' title="bbox 147 2880 1100 2974; baseline 0.008 -27"><span class='ocrx_word' id='word_1_143' title='bbox 147 2880 319 2967; x_wconf 83' lang='lat' dir='ltr'><strong>Cogitanti</strong></span> <span class='ocrx_word' id='word_1_144' title='bbox 347 2885 440 2968; x_wconf 88' lang='lat' dir='ltr'><strong>mibi,</strong></span> <span class='ocrx_word' id='word_1_145' title='bbox 469 2906 532 2969; x_wconf 93' lang='lat' dir='ltr'><strong>quo</strong></span> <span class='ocrx_word' id='word_1_146' title='bbox 561 2885 657 2950; x_wconf 91' lang='lat' dir='ltr'><strong>modo</strong></span> <span class='ocrx_word' id='word_1_147' title='bbox 681 2886 715 2950; x_wconf 93' lang='lat' dir='ltr'><strong>in</strong></span> <span class='ocrx_word' id='word_1_148' title='bbox 744 2889 1003 2971; x_wconf 82' lang='lat' dir='ltr'><strong>argumentando</strong></span> <span class='ocrx_word' id='word_1_149' title='bbox 1028 2912 1100 2974; x_wconf 91' lang='lat' dir='ltr'><strong>pro-</strong></span> 
     </span>
     <span class='ocr_line' id='line_1_24' title="bbox 80 2988 1100 3074; baseline 0.011 -22"><span class='ocrx_word' id='word_1_150' title='bbox 80 2988 240 3074; x_wconf 85' lang='lat' dir='ltr'><strong>graderer,</strong></span> <span class='ocrx_word' id='word_1_151' title='bbox 260 2991 436 3057; x_wconf 88' lang='lat' dir='ltr'><strong>adversarii</strong></span> <span class='ocrx_word' id='word_1_152' title='bbox 455 2992 541 3056; x_wconf 87' lang='lat' dir='ltr'><strong>viam</strong></span> <span class='ocrx_word' id='word_1_153' title='bbox 561 2992 783 3058; x_wconf 89' lang='lat' dir='ltr'><strong>ostenderunt.</strong></span> <span class='ocrx_word' id='word_1_154' title='bbox 821 2993 971 3072; x_wconf 78' lang='lat' dir='ltr'><strong>Quicum</strong></span> <span class='ocrx_word' id='word_1_155' title='bbox 988 3021 1100 3063; x_wconf 90' lang='lat' dir='ltr'><strong>unam·</strong></span> 
     </span>
     <span class='ocr_line' id='line_1_25' title="bbox 81 3096 1102 3188; baseline 0.008 -29"><span class='ocrx_word' id='word_1_156' title='bbox 81 3117 242 3180; x_wconf 90' lang='lat' dir='ltr'><strong>quamque</strong></span> <span class='ocrx_word' id='word_1_157' title='bbox 258 3098 405 3164; x_wconf 91' lang='lat' dir='ltr'><strong>codicum</strong></span> <span class='ocrx_word' id='word_1_158' title='bbox 421 3096 639 3164; x_wconf 81' lang='lat' dir='ltr'><strong>recentiorum</strong></span> <span class='ocrx_word' id='word_1_159' title='bbox 654 3101 837 3188; x_wconf 89' lang='lat' dir='ltr'><strong>lectionem,</strong></span> <span class='ocrx_word' id='word_1_160' title='bbox 856 3127 939 3188; x_wconf 89' lang='lat' dir='ltr'><strong>quae</strong></span> <span class='ocrx_word' id='word_1_161' title='bbox 957 3109 1102 3188; x_wconf 90' lang='lat' dir='ltr'><strong>praestet</strong></span> 
     </span>
     <span class='ocr_line' id='line_1_26' title="bbox 80 3203 1101 3292; baseline 0.007 -25"><span class='ocrx_word' id='word_1_162' title='bbox 80 3203 214 3268; x_wconf 89' lang='lat' dir='ltr'><strong>lectioni</strong></span> <span class='ocrx_word' id='word_1_163' title='bbox 237 3204 313 3269; x_wconf 88' lang='lat' dir='ltr'><strong>libri</strong></span> <span class='ocrx_word' id='word_1_164' title='bbox 337 3205 487 3291; x_wconf 90' lang='lat' dir='ltr'><strong>Medicei,</strong></span> <span class='ocrx_word' id='word_1_165' title='bbox 515 3211 571 3271; x_wconf 89' lang='lat' dir='ltr'><strong>aut</strong></span> <span class='ocrx_word' id='word_1_166' title='bbox 595 3230 614 3271; x_wconf 88' lang='lat' dir='ltr'><strong>a</strong></span> <span class='ocrx_word' id='word_1_167' title='bbox 637 3206 817 3292; x_wconf 84' lang='lat' dir='ltr'><strong>Byzantino</strong></span> <span class='ocrx_word' id='word_1_168' title='bbox 842 3215 899 3274; x_wconf 90' lang='lat' dir='ltr'><strong>aut</strong></span> <span class='ocrx_word' id='word_1_169' title='bbox 922 3233 941 3274; x_wconf 89' lang='lat' dir='ltr'><strong>a</strong></span> <span class='ocrx_word' id='word_1_170' title='bbox 964 3211 1101 3275; x_wconf 87' lang='lat' dir='ltr'><strong>librario</strong></span> 
     </span>
     <span class='ocr_line' id='line_1_27' title="bbox 80 3310 1099 3401; baseline 0.008 -27"><span class='ocrx_word' id='word_1_171' title='bbox 80 3310 300 3397; x_wconf 83' lang='lat' dir='ltr'><strong>excogitatam</strong></span> <span class='ocrx_word' id='word_1_172' title='bbox 323 3335 393 3378; x_wconf 91' lang='lat' dir='ltr'><strong>esse</strong></span> <span class='ocrx_word' id='word_1_173' title='bbox 422 3315 632 3394; x_wconf 89' lang='lat' dir='ltr'><strong>contendant,</strong></span> <span class='ocrx_word' id='word_1_174' title='bbox 661 3318 820 3400; x_wconf 88' lang='lat' dir='ltr'><strong>separabo</strong></span> <span class='ocrx_word' id='word_1_175' title='bbox 845 3339 892 3401; x_wconf 89' lang='lat' dir='ltr'><strong>ea,</strong></span> <span class='ocrx_word' id='word_1_176' title='bbox 920 3339 1000 3401; x_wconf 91' lang='lat' dir='ltr'><strong>quae</strong></span> <span class='ocrx_word' id='word_1_177' title='bbox 1023 3339 1099 3400; x_wconf 93' lang='lat' dir='ltr'><strong>pos-</strong></span> 
     </span>
     <span class='ocr_line' id='line_1_28' title="bbox 82 3416 1100 3508; baseline 0.007 -27"><span class='ocrx_word' id='word_1_178' title='bbox 82 3416 150 3482; x_wconf 91' lang='lat' dir='ltr'><strong>sint</strong></span> <span class='ocrx_word' id='word_1_179' title='bbox 169 3418 381 3487; x_wconf 91' lang='lat' dir='ltr'><strong>coniectando</strong></span> <span class='ocrx_word' id='word_1_180' title='bbox 401 3420 535 3487; x_wconf 89' lang='lat' dir='ltr'><strong>inventa</strong></span> <span class='ocrx_word' id='word_1_181' title='bbox 550 3443 629 3506; x_wconf 89' lang='lat' dir='ltr'><strong>esse,</strong></span> <span class='ocrx_word' id='word_1_182' title='bbox 653 3423 694 3487; x_wconf 88' lang='lat' dir='ltr'><strong>ab</strong></span> <span class='ocrx_word' id='word_1_183' title='bbox 715 3424 772 3508; x_wconf 91' lang='lat' dir='ltr'><strong>eis,</strong></span> <span class='ocrx_word' id='word_1_184' title='bbox 796 3444 878 3508; x_wconf 91' lang='lat' dir='ltr'><strong>quae</strong></span> <span class='ocrx_word' id='word_1_185' title='bbox 896 3423 981 3488; x_wconf 89' lang='lat' dir='ltr'><strong>haud</strong></span> <span class='ocrx_word' id='word_1_186' title='bbox 1001 3425 1100 3490; x_wconf 90' lang='lat' dir='ltr'><strong>dubie</strong></span> 
     </span>
     <span class='ocr_line' id='line_1_29' title="bbox 81 3523 826 3614; baseline 0.008 -27"><span class='ocrx_word' id='word_1_187' title='bbox 81 3523 123 3588; x_wconf 85' lang='lat' dir='ltr'><strong>ad</strong></span> <span class='ocrx_word' id='word_1_188' title='bbox 147 3524 316 3612; x_wconf 85' lang='lat' dir='ltr'><strong>archetypi</strong></span> <span class='ocrx_word' id='word_1_189' title='bbox 339 3528 534 3614; x_wconf 89' lang='lat' dir='ltr'><strong>scripturam</strong></span> <span class='ocrx_word' id='word_1_190' title='bbox 557 3523 727 3594; x_wconf 83' lang='lat' dir='ltr'><strong>referenda</strong></span> <span class='ocrx_word' id='word_1_191' title='bbox 750 3530 826 3596; x_wconf 89' lang='lat' dir='ltr'><strong>sint.</strong></span> 
     </span>
    </p>
   </div>
   <div class='ocr_carea' id='block_1_5' title="bbox 0 0 1220 3856">
    <p class='ocr_par' dir='ltr' id='par_1_9' title="bbox 0 0 1220 3856">
     <span class='ocr_line' id='line_1_30' title="bbox 0 0 1220 3856; baseline 0 0"><span class='ocrx_word' id='word_1_192' title='bbox 0 0 1220 3856; x_wconf 95' lang='lat' dir='ltr'><strong> </strong></span> 
     </span>
    </p>
   </div>
  </div>
 </body>
</html>
