2430 3856
96 159 174 208 XXX
494 160 706 211 PRAEFATIO.

356 321 495 387 ἁλίδονα
519 322 652 406 σώματα
675 327 853 411 πολυβαφῆ

97 466 251 551 strophae
275 467 382 531 versui
408 467 450 530 τὰ
477 466 584 530 πολλὰ
612 463 709 548 βέλεα
734 477 883 553 παμμιγῆ
907 472 1111 556 aequabilem

96 573 227 638 reddere
250 575 336 657 licet,
360 594 433 639 cum
458 572 630 636 scribimus
1055 578 1057 582 ’

354 714 494 781 ἁλίδονα
517 714 616 800 μέλεοι
639 719 809 801 παμβαφῆ.

95 858 245 924 Fortasse
278 859 312 922 in
346 859 481 942 stropha
516 881 590 924 cum
623 856 832 925 Lachmanno
871 864 1109 931 emendandum

95 971 145 1030 est
168 962 279 1031 πολέα.
317 964 365 1030 Of.
384 966 445 1051 Ag.
463 988 493 1030 v.
513 965 609 1051 1454,
632 967 688 1030 ubi
711 968 818 1032 πολλὰ
836 960 975 1046 Ιτλολνπος
992 995 1109 1053 γυναι-

93 1073 152 1149 κὸς
179 1069 248 1136 διαὶ
271 1073 306 1136 in
328 1072 377 1156 M,
405 1073 460 1137 sed
488 1072 592 1138 πολέα
620 1073 686 1157 legi
714 1073 805 1137 iubet
829 1072 863 1138 O.
884 1074 921 1139 G.
941 1075 1108 1163 Hauptius

93 1184 227 1264 propter
246 1200 375 1244 versum
394 1180 619 1264 antistropbae
639 1178 683 1266 (v.
701 1179 802 1265 1474)
821 1183 962 1267 κόρακος
981 1181 1109 1268 ἐχθροῦ

93 1283 228 1363 σταθεὶς
252 1285 408 1371 ἐννόμως.

117 1461 119 1465 ,
160 1393 241 1459 (lum
260 1394 535 1458 demonstravisse
554 1394 635 1458 mibi
653 1394 763 1458 videar
781 1396 887 1460 inesse
905 1397 940 1460 in
959 1398 1105 1462 codicum

51 1502 53 1505 ’
92 1502 309 1567 recentiorum
347 1500 553 1585 glossematis
591 1504 625 1565 et
659 1501 694 1564 in
736 1501 868 1566 scholiis
905 1502 1106 1587 Byzantinis,

94 1629 175 1693 quae
203 1630 276 1673 cum
303 1629 369 1672 non
398 1611 582 1692 congruant
610 1629 682 1672 cum
706 1611 797 1672 textu
820 1608 967 1689 Medicei,
993 1615 1105 1676 tamen

91 1715 132 1780 ad
155 1738 229 1780 eum
252 1714 489 1780 emendandum
514 1715 659 1800 valeant,
686 1715 752 1780 iam
775 1716 920 1781 nascitur
943 1720 1104 1802 quaestio:

91 1824 174 1888 unde
193 1824 250 1888 illa
269 1823 476 1908 glossemata,
495 1822 578 1886 unde
597 1823 655 1886 illa
674 1822 964 1906 interpretamenta
978 1824 1104 1909 Byzan-

93 1931 186 1995 tina?
211 1929 319 2013 Atque
342 1930 370 1994 si
389 1930 569 1993 accuratius
589 1951 657 1992 rem
676 1930 933 2014 tractaverimus,
955 1931 1017 1996 hoc
1037 1934 1104 1997 elu-

89 2037 189 2102 cebit:
213 2040 246 2099 et
265 2036 390 2100 scholia
404 2035 438 2098 M
454 2039 486 2098 et
500 2035 700 2118 glossemata
714 2037 930 2099 recentiorum
945 2037 1103 2104 librorum

90 2147 122 2208 et
146 2142 270 2206 scholia
293 2143 323 2205 A
352 2141 392 2204 ab
422 2141 534 2205 eodem
564 2140 742 2224 archetypo
774 2141 934 2225 originem
962 2132 1103 2230 duxisse,

89 2249 145 2335 qui
169 2248 388 2333 largissimam
414 2247 663 2311 adnotationum
686 2247 813 2329 copiam
836 2249 1020 2331 complexus
1044 2256 1102 2317 est.

89 2356 162 2422 Duo
192 2359 300 2421 autem
332 2355 409 2419 libri
441 2376 480 2418 ex
513 2353 689 2436 archetypo
718 2354 871 2438 descripti
901 2359 990 2439 sunt,
1018 2359 1102 2425 alter

87 2465 265 2546 Mediceus,
302 2463 393 2527 cuius
426 2460 578 2525 librarius
612 2459 736 2524 scholia
769 2461 815 2524 sic
854 2464 1027 2547 excerpsit,
1064 2473 1102 2533 ut

89 2572 229 2637 maxime
253 2593 298 2654 ea,
322 2591 403 2655 quae
425 2568 536 2651 magni
554 2567 711 2632 momenti
730 2571 805 2652 sint,
829 2569 990 2653 imprimis
1011 2573 1098 2638 locos

87 2701 105 2743 e
127 2680 233 2764 poetis
257 2676 532 2761 scriptoribusque
552 2675 669 2739 allatos
689 2680 846 2762 exararet,
868 2678 1100 2746 abundantiam

87 2789 195 2851 autem
219 2785 452 2870 glossematum
475 2783 665 2866 plerumque
685 2783 883 2868 neglegeret,
906 2786 989 2850 alter
1007 2789 1099 2872 igno·

86 2897 139 2958 tus
164 2892 256 2975 liber,
280 2887 370 2955 ouius
394 2889 500 2954 scriba
523 2889 675 2973 longiora
698 2890 866 2974 archetypi
890 2893 1013 2958 scholia
1031 2896 1099 2960 fere

87 2999 206 3082 omisit,
231 2997 287 3063 sed
311 2997 512 3082 singulorum
531 2997 704 3061 verborum
723 2998 1011 3082 interpretamenta
1031 3001 1100 3066 dili-

89 3111 204 3194 genter
231 3105 446 3188 transcripsit.
496 3104 603 3188 Atque
632 3104 712 3170 haec
742 3106 871 3189 quidem
900 3108 1099 3191 glossemata

85 3215 250 3280 fluxerunt
273 3215 308 3278 in
332 3213 422 3278 codd.
440 3211 471 3276 V
491 3217 524 3276 et
542 3210 575 3275 H
598 3217 631 3276 et
654 3212 687 3276 id
701 3205 889 3299 exemplar,
917 3236 982 3298 quo
1006 3215 1098 3279 scho-

85 3322 184 3388 liasta
208 3323 235 3387 B
259 3342 337 3386 usus
362 3325 413 3385 est
436 3316 491 3406 (cf.
506 3342 536 3402 p.
550 3318 656 3405 XIII).

153 3428 238 3495 Item
267 3427 392 3494 scholia
420 3427 449 3492 A
479 3426 520 3491 ad
547 3425 775 3510 antiquissima
802 3426 926 3492 scholia
953 3426 1097 3494 redeunt.

84 3534 146 3603 Sed
169 3536 382 3622 Byzantinus,
411 3537 467 3621 qui
489 3535 570 3599 haec
588 3535 620 3598 in
646 3533 914 3599 commentarium
937 3533 1005 3600 fere
1028 3557 1097 3619 per-
