2430 3856
499 167 711 219 PRAEFATIO.
910 160 912 166 ⁸
994 169 1114 219 XXXIII

159 328 243 393 Tum
267 346 299 396 v.
325 327 370 393 85
395 328 436 392 ad
452 321 639 415 Ἀσσύριον,
659 328 744 412 quod
764 334 797 393 et
814 329 921 412 ipsum
944 328 1108 413 glossema

92 441 143 502 est
174 436 207 500 in
240 439 365 500 textum
396 435 569 520 insertum,
602 437 767 518 glossema
794 438 898 499 extet:
932 438 1110 518 Περσικόν.

93 551 267 628 τροπικῶς.
291 542 326 606 ολ
339 539 467 626 Πέρσαι
484 538 601 630 πρῴην
612 539 782 627 Ἀσσύριοι
801 540 990 607 ἐκαλοῦντο.
1039 541 1112 608 sch.

96 649 289 716 Aexhibet:
315 646 493 732 Ἀσσύριόν
515 634 550 714 τε
574 649 661 733 ἅρμα
686 649 837 714 ἐλαύνων
859 650 966 732 ἤγουν
994 653 1111 734 Περσι-

95 759 170 822 κόν·
194 755 231 821 ολ
250 757 314 841 γὰρ
338 754 467 840 Πέρσαι
487 754 656 839 Ἀσσύριοι
679 755 859 820 ἐκαλοῦντο
883 757 920 820 τὸ
939 758 1112 840 πρότερον.

96 862 158 928 Sed
182 864 216 928 in
240 864 306 930 sch.
331 862 378 945 M,
411 863 496 948 quod
524 867 575 927 est
601 861 732 946 Σύριόν
754 858 791 927 θ’
814 862 915 949 ἅρματ
950 861 1024 929 ἀντὶ
1050 871 1113 928 τοῦ

93 965 286 1051 Ἀσσύριον·
311 970 346 1035 ολ
367 970 430 1054 γὰρ
457 967 584 1053 Πέρσαι
606 970 644 1034 τὸ
663 972 827 1054 πρότερον
846 965 1016 1054 Ἀσσύριοι
1039 968 1112 1034 ἐκα-

95 1081 235 1158 λοῦντο,
259 1077 460 1142 desideratur
486 1099 546 1141 vox
569 1079 750 1161 Περσικόν,
773 1077 814 1140 ed
837 1098 936 1160 quam
959 1078 1113 1160 respiciat

95 1183 301 1249 enuntiatum
326 1184 361 1249 ολ
376 1184 440 1267 γὰρ
461 1183 588 1269 Πέρσαι
608 1187 675 1249 κτλ.
720 1180 802 1249 Cum
821 1187 930 1248 eutem
948 1193 1113 1268 τροπικῶς

98 1292 153 1355 vix
176 1292 211 1356 in
234 1290 265 1356 V
289 1292 522 1374 interpolatum
547 1291 604 1374 sit,
631 1290 693 1355 hoc
720 1290 787 1355 fere
810 1291 846 1354 in
869 1291 988 1356 erohet.
1011 1290 1112 1354 fuisse
1176 1327 1179 1331 >

98 1383 237 1462 videtum
267 1395 341 1461 ἀντὶ
365 1406 426 1463 τοῦ
446 1395 635 1484 Ἀσσύριον·
667 1400 848 1480 Περσικόν·
875 1407 1052 1477 τροπικῶς·
1082 1397 1118 1460 ού
1144 1387 1148 1394 ’

97 1504 161 1587 γὰρ
191 1503 320 1587 Πέρσαι
348 1507 385 1568 τὸ
418 1506 582 1589 πρότερον
605 1502 774 1586 Ἀσσύριοι
808 1504 996 1569 ἐκαλοῦντο.
1047 1501 1116 1586 Ap·

92 1615 191 1696 peret
213 1633 319 1695 neque
348 1613 391 1694 gl.
417 1610 449 1676 V
472 1633 577 1696 neque
601 1612 668 1676 sch.
694 1615 724 1674 A
747 1613 786 1675 ex
814 1611 958 1676 Mediceo
987 1610 1112 1675 scholio

96 1717 242 1801 fluxisse,
271 1719 326 1782 sed
354 1723 527 1801 utrumque
556 1740 594 1780 ex
618 1717 807 1801 archetypo,
835 1719 918 1782 unde
942 1717 1115 1782 Mediceus.

165 1824 250 1888 Tum
274 1823 349 1891 sch.
368 1823 402 1890 M
422 1823 493 1888 226
516 1824 638 1909 legitur
660 1823 701 1887 τὰ
724 1819 761 1887 δὲ
780 1824 865 1888 κακὰ
884 1825 922 1887 τὰ
943 1821 1114 1908 σχεῦέντα.

99 1930 200 1997 GLV
224 1932 353 1996 exhibet
381 1933 421 1996 τὰ
448 1932 532 1996 κακὰ
560 1926 597 1995 δὲ
621 1981 628 1996 .
653 1979 660 1995 .
683 1929 936 2014 κατασχεθέντα.
990 1930 1115 2015 Itaque,

35 2104 38 2109 ,
98 2037 184 2124 quod
204 2037 343 2104 Weilius
364 2037 399 2103 in
417 2039 452 2105 M
475 2039 628 2119 restituit,
651 2039 692 2102 τὰ
712 2033 748 2102 δὲ
767 2040 850 2103 κακὰ
868 2035 1114 2122 ιιατασχεθέντα

99 2144 231 2230 egregie
259 2145 418 2212 firmetur.
465 2145 644 2229 Archetypi
673 2150 782 2210 autem
809 2146 906 2211 lectio
936 2169 955 2210 a
979 2146 1112 2210 librario

96 2251 133 2317 M
161 2251 350 2336 depravata,
382 2253 417 2317 in
447 2253 554 2318 codice
582 2253 614 2318 V
643 2255 772 2316 servate
804 2256 862 2317 est.
916 2250 1115 2338 (Scholiasta

100 2357 235 2444 Byzant.
254 2358 290 2424 in
312 2359 396 2445 cod.,
419 2382 483 2445 quo
507 2382 584 2425 usus
602 2364 671 2443 est,
699 2359 784 2424 idem
813 2358 857 2444 gl.
881 2358 1006 2425 invenit
1030 2359 1115 2443 quod

100 2465 135 2530 in
158 2463 257 2530 HGL
271 2469 372 2556 *extet
394 2469 607 2552 κατεχόμενα,
630 2470 803 2553 propterea
827 2465 889 2530 hoc
912 2463 1068 2552 scripsit.)

188 2561 272 2637 Tem
295 2589 328 2638 v.
354 2570 400 2638 76
423 2574 485 2638 hoc
506 2574 673 2639 invenitur
696 2573 739 2659 gl.
757 2570 801 2637 V:
826 2572 999 2655 βασιλικὸν
1019 2572 1114 2655 στρύ-

99 2702 211 2764 τενμα.
259 2681 366 2764 Atque
389 2703 463 2745 oum
489 2681 607 2765 legeris
631 2681 696 2745 sch.
712 2679 760 2745 M:
789 2681 826 2745 τὸ
851 2678 1012 2761 ἀνδρικὸν
1036 2682 1116 2763 πλῆ-

98 2792 164 2863 θος
195 2798 362 2874 σημαῖνον
392 2788 429 2852 τὸ
463 2788 649 2871 στράτευμα
681 2788 770 2873 παρὰ
796 2787 834 2852 τὸ
862 2787 941 2862 τοὺς
969 2788 1117 2867 βασιλεῖς

99 2891 259 2977 λέγεσθαι
282 2893 458 2979 ποιμένας,
482 2895 636 2960 concedes
659 2900 735 2978 post
758 2893 945 2980 στράτευμα
973 2895 1115 2958 inseren-

99 3001 177 3066 dum
201 3023 271 3066 esse
294 3002 331 3066 τὸ
355 3003 540 3085 βασιλικὸν,
564 3024 628 3086 (μιο
651 3001 830 3086 respicient
852 3001 951 3068 verbe
969 3001 1058 3085 παρὰ
1077 3001 1115 3064 τὸ

99 3109 180 3184 τοὺς
203 3110 351 3193 βασιλεῖς
374 3107 533 3192 λέγεσθαι
555 3107 723 3193 ποιμένας.
1024 3101 1025 3105 “

167 3215 250 3280 Tum
265 3213 339 3282 sch.
352 3214 388 3280 M
403 3213 471 3279 322
493 3238 642 3299 perverse
662 3217 818 3299 scriptum
838 3219 887 3279 est
906 3213 926 3296 ἡ
947 3213 982 3278 ἐκ
996 3214 1118 3298 ταύτης

100 3322 238 3406 ἄφοδος.
276 3321 468 3387 Rectissime
491 3324 525 3386 in
551 3323 616 3387 sch.
635 3322 752 3408 Byza}
776 3322 823 3397 εἰς
841 3321 965 3403 ταύτην
985 3321 1116 3402 ἔφοδος.

168 3428 252 3493 Tum
276 3427 352 3495 seh.
373 3428 404 3493 M
425 3426 495 3494 452
520 3429 541 3513 ἢ
565 3429 609 3506 ὡς
633 3429 722 3515 ἱερᾶς
746 3427 849 3509 οῦσης
871 3430 999 3503 Πανός·
1028 3425 1049 3510 ἣ
1074 3427 1118 3504 ὡς

102 3538 226 3622 ἔρημος
249 3557 287 3600 ex
311 3535 441 3615 sch.·A,
470 3537 553 3620 quod
578 3541 628 3600 est
650 3534 671 3619 ἢ
695 3535 740 3612 ὡς
764 3535 854 3618 ἱερᾶς
880 3532 999 3608 Πανὸς
1019 3533 1132 3610 simos

154 3649 241 3691 Sonos.
255 3661 282 3691 ιιι
296 3650 384 3692 Assem
400 3651 470 3694 Psss.
485 3651 521 3694 ed.
536 3651 726 3695 Dthnhetdt.
965 3651 983 3686 (ἱ

1126 3776 1195 3814 Δ
