2430 3856
85 179 230 229 XXXVIII
490 176 700 228 PRAEFATIO.

85 335 224 423 περὶτὰ
248 339 355 421 στήθη
378 341 509 413 πλατεῖς
535 336 677 420 ἱμάντες,
701 327 752 412 οἷς
775 335 1042 418 ἀναδεσμοῦνται
1067 334 1105 400 οἱ

85 445 245 529 τράχηλοι
272 455 339 508 τῶν
367 443 477 507 ἵππων
505 445 588 529 πρὸς
614 445 674 508 τὸν
703 445 810 527 ζυγόν.
853 442 1104 526 ἐτυμολοχεὶται

87 547 124 615 δέ
148 550 212 616 ἀπὸ
234 559 296 616 τοῦ
318 550 406 615 λέπω
433 551 471 615 τὸ
500 553 633 634 λεπίζω,
662 548 808 615 λέπανον
837 547 893 614 καὶ
923 547 1103 614 λέπαδνον.

86 645 175 734 τινὲς
198 654 236 722 δὲ
259 656 407 723 λέπαδνα
428 659 508 732 τοὺς
530 657 794 741 μασχαλιστῆράς
817 674 908 741 φασι.

154 765 194 831 ef.
213 765 368 849 Hesychii
391 764 538 850 glossam
561 761 708 828 λέπαδνα
732 764 864 847 ἱμάντες
887 767 1030 846 πλατεῖς,
1054 753 1105 840 οἷς

85 871 285 937 ἀναδέονται
316 871 351 935 οἱ
374 871 533 955 τράχηλοι
559 881 627 935 τῶν
654 871 765 935 ἵππων
794 870 877 954 πρὸς
903 871 963 935 τὸν
993 872 1102 952 ζυγόν.

154 979 255 1043 sehol.
273 977 389 1043 Venet.
413 978 453 1042 ad
476 982 508 1042 E
526 978 603 1042 729:
633 976 780 1042 λέπαδνα
803 981 936 1053 πλατεῖς
960 975 1105 1061 ἱμάντες,

85 1076 136 1160 οἷς
164 1082 431 1167 άναδεσμοῦνται
462 1085 497 1148 οἱ
524 1084 682 1168 τράχηλοι
708 1095 775 1148 τῶν
799 1084 910 1148 ἵππων
938 1084 1021 1167 πρὸς
1044 1084 1105 1148 τὸν

87 1193 196 1274 ζυγόν.
243 1191 287 1268 ὡς
304 1194 414 1256 κόπτω
437 1193 586 1256 πόπανον
609 1190 696 1256 λίπω
716 1189 905 1275 <λέπανου>
925 1188 1103 1257 λέπαδνον.

154 1297 206 1364 Et.
225 1297 268 1363 M.
287 1304 321 1382 ’μ
341 1300 407 1364 560
430 1296 578 1363 λέπαδνα
602 1299 637 1364 οἱ
664 1300 746 1364 κατὰ
774 1308 842 1363 τῶν
870 1299 993 1362 ἱππίων
1026 1313 1105 1380 στη-

86 1403 179 1469 θέων
194 1405 336 1489 ἱμάντες,
356 1406 391 1496 οἱ
402 1410 667 1490 μασχαλιστῆρες.
700 1405 811 1470 Etiam
829 1405 1004 1470 secuudum
1018 1403 1103 1470 Pho-

84 1512 169 1576 tium
192 1512 278 1576 idem
301 1510 469 1577 λέπαδνον
493 1517 525 1576 et
547 1514 782 1598 μασχαλιστήρ.

154 1617 227 1684 seh.
246 1616 277 1682 Α
296 1616 367 1683 415
393 1642 455 1685 vox
481 1619 649 1704 χοιράδες,
677 1643 759 1704 quae
783 1644 811 1684 v.
831 1620 897 1685 424
921 1623 1022 1700 extat,
1054 1618 1103 1683 sie

86 1727 294 1810 explanatur:
318 1727 356 1791 αἱ
375 1725 501 1810 ὕφαλοι
524 1724 579 1793 καὶ
601 1727 784 1793 θαλάσσιαι
807 1724 932 1813 πέτραι.

152 1834 189 1899 cf.
213 1833 279 1899 seh.
302 1834 394 1900 Pind.
417 1834 511 1920 Pyth.
534 1835 577 1919 X,
597 1837 652 1900 81:
680 1835 833 1920 χοιράδες
857 1885 886 1899 ..
910 1834 948 1898 αἱ
972 1833 1099 1914 ὕφαλοι

83 1938 209 2021 πέτραι.

154 2044 228 2112 seh.
243 2042 275 2110 Α
289 2045 358 2110 207
378 2045 520 2122 πέλανος
538 2049 660 2130 κυρίως
679 2046 696 2111 ὁ
715 2046 869 2129 πεπηγὼς
886 2046 991 2130 ῥύπος
1010 2045 1101 2130 λέγε-

83 2176 138 2217 ται
162 2152 199 2216 οἱ.
219 2175 292 2217 cum
315 2155 377 2216 vet.
396 2152 462 2216 seh.
480 2151 557 2216 Eur.
577 2151 632 2216 Or.
646 2154 712 2217 220
731 2149 795 2239 (ed.
815 2151 1017 2238 θαλαμόνδε
1041 2151 1097 2218 πέ-

84 2265 191 2324 λανον
214 2257 361 2324 ἐνταῦθα
389 2260 448 2323 τὸν
476 2260 643 2340 πεπηγότα
672 2257 780 2343 ῥύπον
809 2257 873 2322 ὑπὸ
896 2266 957 2321 τοῦ
981 2257 1102 2344 ἀφροῦ.

87 2365 127 2430 In
150 2365 258 2430 verbis
282 2366 420 2450 quaein
447 2365 510 2428 fine
539 2365 691 2450 leguntur
715 2363 863 2429 ἐνταῦθα
892 2359 928 2428 δὲ
952 2361 1100 2432 πέλανον

87 2472 149 2555 τὴν
171 2472 298 2536 θυσίαν
322 2473 415 2559 φησί>
428 2470 604 2536 scholiasta
626 2493 704 2535 usus
728 2475 778 2535 est
797 2471 850 2555 gt,
874 2471 960 2556 quod
978 2472 1011 2536 in
1029 2471 1099 2538 VH

91 2583 248 2662 servatur,
270 2583 404 2643 θυσιάν.
447 2577 519 2643 Hoc
543 2588 650 2642 autem
673 2582 711 2642 ut
734 2600 791 2662 per
815 2601 848 2642 se
868 2579 1027 2663 optimum
1046 2576 1102 2667 (cf.

88 2683 191 2751 Saia:
214 2683 352 2750 πέλανοι
370 2685 519 2768 πέμματα
535 2684 570 2750 ἐκ
588 2684 752 2769 παιπάλης
771 2684 941 2751 τουτέστιν
956 2685 1100 2770 ἀλεύρου

85 2791 284 2877 λεπτοτέραν
312 2793 359 2868 είς
385 2795 536 2856 θυσίαν
564 2792 731 2875 ἐπιτήδεια
759 2792 803 2870 ὡς
827 2793 925 2869 αὐτός
948 2813 1030 2879 φησι
1058 2816 1101 2858 se.

86 2898 191 2981 Plat0,
215 2899 287 2963 vide
310 2898 439 2964 Ruhnk.
462 2899 502 2962 ad
526 2899 608 2963 Tim.
631 2924 661 2984 p.
683 2897 750 2988 11),
773 2901 820 2964 ita
842 2901 916 2964 inde
941 2922 1101 2966 commen·

88 3006 197 3088 datur,
226 3005 311 3090 quod
340 3006 479 3070 alterum
506 3007 829 3091 interpretamentum
852 3005 884 3072 V
907 3011 1100 3072 πλακοῦντα

86 3108 202 3199 (etiam
221 3111 256 3176 in
275 3111 304 3176 G
328 3116 360 3176 et
379 3112 404 3176 L
424 3112 595 3200 traditum)
614 3114 727 3199 procul
749 3114 846 3180 dubio
866 3137 904 3177 ex
924 3116 1100 3199 archetypo

85 3219 187 3284 fluxit.
233 3217 318 3284 Nam
352 3220 551 3304 adscriptum
585 3227 635 3286 est
667 3222 705 3286 ad
740 3245 768 3286 v.
792 3221 859 3287 524
887 3224 920 3285 in
943 3220 978 3286 M
1005 3228 1038 3286 et
1061 3219 1101 3286 V.

86 3325 179 3402 Quod
204 3330 311 3392 autem
334 3327 455 3392 ibidem
479 3329 513 3392 in
537 3328 569 3392 H
591 3329 755 3413 glossema
777 3331 904 3394 θυσίαν
928 3327 1102 3414 invenitur,

86 3430 155 3496 veri
187 3434 293 3498 simile
325 3435 453 3501 videtur
481 3435 516 3499 in
548 3434 726 3521 archetypo
758 3436 930 3519 utrobique
962 3435 1101 3520 expliea-

85 3536 192 3604 tiones
215 3544 361 3618 πλακοῦς
385 3546 418 3606 et
439 3543 545 3606 θυσία
569 3545 717 3607 σκοταῖοι
741 3540 851 3608 fuisse.
