2430 3856
113 174 178 238 120
543 175 699 227 SOHOLIA

70 359 98 400 εο
112 337 217 412 οὕτως
253 333 310 400 καλ
345 338 428 422 πρὸς
459 337 538 412 τοὺς
570 336 748 412 τάττοντας
783 334 931 410 ἐκείνους
968 332 1130 409 ἐλθόντες

109 442 215 508 ἐκεῖσε
238 443 379 520 τούτους
403 442 607 508 ἀπέκτειναν.

110 607 145 655 20
170 599 242 656 ούτω
265 601 290 655 V
323 632 356 640 —
395 595 521 662 ἐκείνους
548 596 653 655 ἐκεῖνοι
680 595 813 662 ἐλθόντες
838 600 886 655 καὶ
909 598 1025 661 τούτους
1043 597 1070 651 V
1094 628 1129 637 -

111 678 145 726 21
164 689 216 742 pro
236 667 338 727 ἐκεῖσει
358 667 463 726 ε’κεῖνοι
481 671 530 726 καλ
550 672 576 724 Η

180 872 244 936 358
257 893 325 954 sqq.
378 868 463 954 ἀνὴρ
500 872 563 956 γὰρ
597 868 734 953 Ἕλληνι
771 870 856 954 ἀνὴρ
893 871 972 955 γάρ,
1011 870 1130 950 φησίν,

103 975 227 1061 Ἕλλην
257 975 292 1041 ἐκ
320 985 381 1042 τοῦ
409 986 553 1062 στρατοῦ
579 987 647 1042 τῶν
667 974 856 1062 Ἀθηναίων
885 972 941 1061 (ἦν
970 972 999 1040 δ’
1029 969 1129 1050 οὗτος

112 1087 252 1160 Σίκινος
276 1082 293 1148 6
316 1091 377 1148 τοῦ
396 1081 655 1168 Θεμιστοκλέους
677 1081 903 1169 παιδαγωγός)
922 1082 1033 1147 ἐλθὼν
1058 1075 1128 1146 εἷπε

112 1198 159 1279 τῷ
187 1188 292 1276 Ξέρξη
321 1199 440 1274 ταῦτα,
473 1189 524 1255 ὅτι
551 1192 583 1255 εί
607 1192 645 1255 τὸ
674 1193 790 1266 σκότος
813 1199 871 1274 τῆς
893 1192 1051 1274 μελαίνης
1074 1186 1129 1252 καλ

86 1304 172 1381 στῆς
195 1297 363 1382 ύφεγγοῦς
384 1295 441 1362 καὶ
464 1306 634 1381 σκοτεινης
654 1299 774 1374 νυκτὸς
792 1299 1056 1382 παραγενήσεται
1074 1293 1131 1360 καὶ

113 1407 198 1490 ἔλθη
220 1405 294 1488 ἤτοι
313 1406 344 1469 εί
360 1398 491 1486 γε’νοιτο
510 1402 583 1485 νύξ,
608 1404 643 1468 oc
655 1401 813 1488 Ἕλληνες
832 1404 873 1469 ού
891 1406 1130 1487 καρτερήσαιεν

113 1509 169 1576 καλ
202 1510 401 1595 ίπιμίνοιεν,
433 1509 516 1575 ἀλλὰ
548 1520 617 1586 τοῖς
648 1512 900 1594 καταστρώμασι
937 1521 1005 1574 τῶν
1037 1520 1131 1592 νηῶν

115 1615 395 1703 (περιφραστικῶς
417 1627 489 1693 ταῖς
511 1613 648 1704 ναυσὶν)
667 1617 890 1700 ἐπιπηδῶντες
913 1619 1013 1692 ἄλλος
1032 1616 1131 1681 ἀλλα-

114 1732 177 1808 χοῦ
205 1722 242 1788 ἐν
270 1732 362 1807 ’φυγῇ
389 1727 517 1810 κρυφίηι
544 1724 605 1807 τὴν
630 1725 715 1807 ζωὴν
740 1724 947 1807 φυλάξουσιν
970 1725 1043 1806 η’τοι
1066 1726 1131 1809 φύ-

74 1853 102 1894 10
115 1845 230 1912 μωσιν.
276 1829 294 1896 6
319 1825 357 1894 δὲ
380 1828 504 1914 Ξέρξης
527 1829 568 1894 οὐ
592 1828 701 1907 ξυνεὶς
724 1828 779 1896 καὶ
802 1833 926 1915 νοήσας
948 1832 1008 1896 τὸν
1028 1832 1132 1896 δόλον

114 1945 175 2001 τοῦ
191 1933 353 2020 Ἕλληνος
376 1935 510 2019 ἀνδρός,
535 1936 575 2001 ὃν
598 1938 734 2002 ἄνωθεν
757 1943 903 2022 είπομεν,
926 1937 1032 2014 εὐθὺς
1049 1947 1132 2002 πᾶσι

114 2054 184 2119 τοῖς
211 2044 352 2129 ἄρχουσι
379 2053 447 2106 τῶν
477 2053 564 2108 νεῶν
593 2055 769 2127 προφωνεῖ
789 2053 911 2109 τοῦτον
934 2047 993 2110 τὸν
1016 2047 1132 2128 λόγον·

116 2149 258 2231 ὁπηνίκα
286 2146 328 2212 ἂν
357 2148 442 2233 δύνη
472 2147 490 2213 6
518 2148 612 2232 ἥλιος
640 2149 657 2213 ὁ
686 2150 747 2232 την
776 2159 839 2233 γῆν
867 2153 970 2216 καίων
999 2151 1036 2217 ἐν
1061 2163 1133 2229 ταῖς

116 2257 253 2331 οἰκείαις
277 2253 400 2336 ἀκτῖσι,
428 2255 466 2319 τὸ
494 2254 618 2340 κνέφας
647 2253 683 2319 δὲ
706 2253 761 2320 καὶ
784 2258 821 2321 τὸ
846 2259 962 2333 σκότος
985 2259 1069 2344 λοίβη
1093 2261 1131 2323 τὸ

190 2493 203 2538 1
223 2483 329 2537 lemma
347 2481 404 2536 VH
423 2514 457 2524 -
476 2482 528 2553 γὰρ
548 2482 647 2537 addidi
666 2500 700 2538 ex
714 2484 740 2537 H
759 2515 792 2524 -
812 2491 827 2538 2
847 2483 879 2540 δὲ
893 2485 950 2539 VH
968 2518 1001 2526 -
1029 2495 1046 2542 4
1063 2487 1132 2544 τάδε

116 2556 142 2610 Η
171 2587 205 2597 -
235 2553 276 2609 εἰσ
294 2555 326 2608 τὸ
345 2554 371 2606 Η
400 2585 433 2594 -
462 2552 489 2609 εί
505 2555 536 2609 τὸ
556 2553 654 2618 σκότος
673 2597 679 2610 .
700 2597 705 2609 .
725 2553 788 2622 ἤτοι
807 2555 903 2611 om.O
932 2588 965 2596 -
994 2557 1044 2612 καλ
1068 2563 1134 2628 post

116 2629 250 2697 μελαίνης
260 2644 313 2680 om.
324 2625 381 2678 VH
401 2657 432 2664 -
454 2630 470 2678 ὅ
488 2625 678 2696 παραγένοιτο
693 2627 741 2681 καλ
756 2625 836 2682 ἔλθοι
850 2627 936 2697 vulgo
955 2661 991 2668 -
1010 2637 1025 2684 6
1045 2628 1133 2699 ἤγουν

119 2695 171 2754 ε’ὰν
190 2696 237 2768 (ἂν
256 2696 292 2764 V)
311 2693 427 2766 γένηται
445 2697 502 2750 VH
521 2728 555 2737 —
573 2697 591 2766 ἡ
611 2699 661 2765 νύξ
681 2699 707 2752 Η
728 2729 757 2739 -
778 2707 828 2752 τοῦ
846 2716 898 2766 pro
918 2700 951 2754 ού
967 2699 995 2752 Η
1014 2733 1046 2740 -
1066 2722 1134 2770 καρ-

116 2762 501 2907 ύίήσῗλλλλλῗίύνωεν
515 2767 946 2909 λιιλίλῗλὲίίῖἑῖύίὲο’
973 2767 1133 2911 {Hm

118 2911 271 2981 στρύμασιε
292 2906 407 2980 σε’λμασι
425 2911 474 2965 καὶ
492 2914 649 2981 καθίσμασι
668 2911 719 2967 Dd.
740 2928 773 2965 ex
791 2913 813 2965 P
830 2945 860 2951 —
881 2920 940 2976 τοῖς
958 2931 1088 2984 καταστρ.
1105 2958 1133 2970 ..

117 2989 344 3051 περιφραστικῶς
362 2997 415 3036 om.
436 2981 458 3036 0
478 3013 511 3022 -
532 2990 548 3038 8
568 2979 732 3045 ἐπιὸοῶντες
751 2983 776 3035 Η
795 3015 829 3053 ῥ-
854 2982 936 3048 ἄλλος
954 3001 1009 3040 om.
1029 2987 1084 3040 VH
1100 3018 1133 3026 —

118 3061 133 3108 9
153 3053 283 3126 κρυφαία
295 3051 322 3105 Η
343 3084 375 3091 -
394 3053 622 3123 φυλαξασινλῙΗ
642 3086 673 3093 -
694 3052 757 3121 ἤτοι
775 3054 903 3125 φύγωσιν
923 3073 976 3111 om.
987 3056 1133 3126 vulgoDd.

118 3156 151 3166 -
174 3133 205 3178 11
225 3132 275 3178 τοῦ
290 3123 394 3194 ἀνδρὸς
408 3125 460 3179 Dd.
480 3157 513 3165 -
536 3120 599 3187 ἑνὸς
613 3124 672 3179 ἄνω
692 3128 807 3195 εἴπομεν
821 3128 960 3181 τοῦτονν
980 3160 1014 3168 -
1033 3127 1092 3183 όίνω
1107 3128 1134 3182 Η

116 3227 152 3239 -
173 3203 205 3250 12
224 3203 280 3250 τῶν
298 3203 375 3264 νηῶν
394 3195 520 3259 καὶτοῖς
539 3196 656 3259 ναύταις
675 3197 708 3265 V,
734 3206 790 3252 τῶν
808 3205 881 3252 νεῶν
900 3197 949 3252 καλ
966 3205 1024 3261 τοῖς
1042 3219 1134 3270 κωπη-

117 3266 179 3337 ρέσι
198 3266 327 3336 (κόραισι
346 3268 416 3334 σού,
436 3267 460 3321 εἰ
478 3269 554 3322 recte
574 3267 645 3336 legi3
664 3285 730 3322 nam
750 3286 827 3337 ραισι
841 3269 899 3323 fere
918 3269 1044 3339 evanuit)
1058 3271 1084 3325 H
1100 3303 1133 3311 -

112 3340 151 3394 ’13
172 3337 295 3408 ὁπηνίκα
314 3337 329 3392 6
342 3335 425 3462 ἅλιος
444 3337 524 3394 δύνει
543 3337 558 3393 6
577 3338 629 3408 τὴν
646 3380 653 3394 .
669 3382 675 3394 .
690 3341 724 3408 Η,
744 3339 788 3395 ότι.
805 3339 820 3395 6
838 3337 915 3409 ἥλιος
934 3340 1005 3413 δύνη
1024 3339 1039 3397 ό
1058 3340 1136 3413 ἥλιος

116 3410 142 3464 V
162 3441 194 3451 —
222 3407 260 3474 λιν
278 3426 332 3465 om.
373 3408 456 3465 HDd.
486 3441 520 3450 -
548 3407 625 3480 ἥλιος
649 3411 708 3466 sine
729 3414 781 3466 art.
798 3411 882 3480 vulgo
902 3443 935 3452 -
960 3411 974 3467 6
999 3415 1064 3468 ante
1082 3415 1135 3484 τὴν

117 3498 171 3536 om.
189 3479 336 3549 vulgoDd.
366 3511 396 3520 -
427 3475 458 3535 ἐν
477 3497 532 3536 om.
552 3481 577 3534 V
604 3514 640 3522 -
666 3489 724 3546 τοῖς
747 3481 862 3544 οἰκείοις
884 3484 1030 3553 compend.
1055 3485 1135 3540 falsis

99 3550 168 3602 adh.
187 3551 224 3604 Η
237 3582 271 3591 -
291 3555 327 3606 14
345 3549 436 3618 ίόίαις
457 3553 532 3610 V-
551 3550 644 3628 κε’φας
660 3552 689 3609 H
708 3586 741 3596 -
