2430 3856
477 189 517 239 IN
534 188 567 240 V.
587 190 738 243 518-525.

97 348 276 436 (ἐπέβαλεν
316 347 357 433 L,
403 347 581 433 ἐνέβαλλεν

96 454 154 544 Β),
192 462 268 522 ante
301 456 379 523 hoc:
417 455 581 540 ἐπέθηκεν

97 560 273 648 (ἐνέθηκεν
296 561 332 648 L,
358 562 502 648 ἐπέθηκε
527 562 579 649 G).

99 707 138 718 —
148 670 213 736 518
228 668 493 757 δυσκατέργαστα
502 670 580 736 VH.

99 814 138 824 -
165 777 246 862 τύχη
270 777 312 842 Η.
338 815 376 825 -
408 779 485 842 λίαν
507 775 579 842 VL.

100 885 221 949 -519
242 885 298 949 διὰ
312 895 379 949 τῶν
394 884 434 949 V.
458 883 496 949 ἐν
510 895 581 962 τοῖς

96 987 198 1057 ποσὶν
213 990 254 1056 Η.
270 1028 312 1038 -
330 991 497 1076 ἐαήδησας
510 990 579 1055 VH

97 1096 173 1186 (ser.
197 1097 431 1186 ίαεανλδησας).

96 1418 163 1485 520
178 1426 243 1503 φεῦ
257 1419 298 1484 V.
314 1457 355 1465 -
372 1419 468 1485 ἕνεκα
482 1442 580 1503 super
634 1419 700 1484 520
714 1418 968 1505 πεφονευμένου
979 1417 1063 1508 (gh).
1074 1458 1112 1470 -

96 1524 183 1612 quod
238 1525 492 1611 πεφονευμένον
537 1524 577 1592 V.

95 1634 177 1716 μετα
203 1634 344 1717 μόχθων
373 1631 578 1717 πεφονευμέ-

94 1763 159 1805 νον
183 1739 223 1804 Η.
246 1777 284 1786 -
309 1748 370 1805 τοῦ
390 1739 429 1805 V.
448 1776 492 1786 -
516 1764 578 1824 φα-

94 1847 176 1931 νερὰ
204 1845 281 1912 VH.
309 1883 346 1894 -
377 1856 444 1911 τῶν
472 1846 511 1912 V.
535 1882 579 1894 -
611 1921 613 1925 ¹

95 1955 162 2021 522
186 1956 263 2019 λίαν
277 1953 348 2019 VL.
364 1991 406 2001 -
424 1964 579 2039 φανερῶς

94 2061 131 2128 L.
159 2061 290 2147 φανερὰ
312 2059 353 2126 V.
383 2058 577 2145 *ἐφανέρω-

95 2184 157 2246 σας
180 2167 251 2234 VL.
278 2205 316 2216 -

94 2276 160 2341 523
186 2274 294 2360 ὑμεῖς]
318 2270 344 2340 ὦ
368 2269 446 2359 χορὲ
470 2273 511 2338 Η.
537 2309 574 2320 -
634 2274 699 2339 523
719 2273 782 2340 οὐκ
800 2272 944 2356 ἀληθῶς.
958 2272 1113 2339 -αὐτνί

94 2392 217 2464 κακῶς,
250 2382 383 2460 ψευδῶς
416 2380 456 2446 Η.
496 2379 578 2465 ἅμα·
634 2378 708 2447 ἀντὶ
730 2388 792 2447 τοῦ
818 2380 859 2446 τὰ
885 2379 1047 2464 ὀνείρατα.
1074 2416 1112 2428 -

93 2495 166 2565 θῶς
196 2488 237 2554 V.
270 2527 314 2536 -
347 2488 432 2554 αὐτὰ
460 2486 501 2553 V.
537 2526 575 2535 -

94 2598 171 2661 λίαν
197 2595 267 2660 VL.
291 2633 334 2643 -
381 2654 383 2658 .

93 3343 159 3408 524
193 3343 298 3445 αὕτως
326 3341 503 3408 VHBGL.
532 3379 575 3389 -
632 3342 698 3407 524
725 3341 745 3424 ἡ
769 3340 864 3426 ὑμῶν
886 3341 995 3424 κρίσις
1017 3337 1037 3422 ἡ
1061 3335 1112 3402 λί-

93 3448 294 3534 ἐβεβαίωσεν
307 3449 327 3533 ἡ
342 3448 433 3515 Η.-
443 3449 575 3534 *ἤγουν
630 3450 741 3534 νουσα
764 3472 823 3534 μοι
842 3445 1013 3523 &Quom
1028 3450 1138 3507 mk&

91 3555 242 3643 ἡαρίσις
266 3555 302 3621 V.
328 3595 371 3604 -
395 3557 464 3626 525
493 3559 581 3645 πρὸς
638 3554 701 3626 καὶ
718 3557 875 3644 Δαρείῳ.
893 3586 1014 3702 -w
