2430 3856
112 175 176 240 164
484 236 487 241 ,
540 179 697 231 εοΗοοῑΑ

109 337 165 406 καὶ
188 342 296 426 κρίσις
319 341 426 427 οὕτως
449 340 605 426 ἐκύρωσε,
634 341 763 424 δηλαδὴ
782 338 931 424 ,λέγουσά
954 365 1012 426 μοι
1036 340 1126 422 εύξα-

110 452 192 546 σθαι
214 453 310 524 θεοῖς
332 444 388 512 καὶ
410 449 561 538 Δαρείφ,
588 443 679 512 θέλω
702 455 802 512 τοῦτο
825 456 961 531 ποιῆσαι
985 459 1126 535 πρῶτον,

110 556 222 619 ἔπειτα
248 553 315 639 ἥξω
345 551 401 620 καὶ
430 557 520 621 ἔλθω
548 556 698 637 λαβοῦσα
727 553 790 620 άπὸ
818 565 886 619 τῶν
914 554 1004 640 ἐμῶν
1027 562 1126 622 οἴκων

83 686 96 727 ο
112 663 291 748 δωρήματα
311 669 351 746 τῇ
369 669 412 747 γῇ
430 658 539 727 τεκαὶ
557 671 628 738 τοῖς
645 672 778 746 νεκροῖς
795 660 951 729 πέλανον.
988 660 1127 741 πέλανος

111 767 151 834 δέ
171 769 262 835 ἐστιν
285 768 303 834 ὁ
328 767 536 853 έζυμωμένος
557 766 613 834 καὶ
635 769 789 853 πεπηγὼς
812 775 967 847 πλακοῦς.
1000 767 1127 855 λέγεται

110 871 148 941 δὲ
170 873 225 941 καὶ
249 875 266 940 ὁ
291 874 404 960 ῥύπος.

109 1015 186 1085 quod
200 1014 287 1079 οὕτως
301 1013 332 1068 in
345 1015 371 1068 V
386 1015 452 1070 ante
466 1012 484 1083 ἡ
498 1010 629 1086 ὑμετέρα,
648 1013 678 1066 in
691 1017 718 1070 Η
734 1016 794 1085 (qui
808 1015 826 1144 ἥ
841 1018 907 1087 om.)
927 1018 993 1071 ante
1008 1015 1126 1088 ὑμετέρα

109 1085 227 1157 legitur3
251 1086 269 1156 ἡ
288 1083 409 1159 ὑμετέρα
428 1084 513 1156 φάτις
531 1087 580 1143 καὶ
598 1088 688 1154 κρίσις
707 1085 794 1150 ούτως
827 1087 934 1158 κύρωσε
956 1088 1067 1158 δηλαδὴ
1086 1091 1127 1142 λέ-

109 1162 199 1234 μοοσά
217 1177 265 1228 μοι
284 1158 425 1224 εύξασθαι
442 1161 579 1231 vulgo-
598 1164 614 1211 3
633 1157 682 1212 καὶ
697 1161 809 1232 Δαρείῳ
827 1162 915 1229 vulgo
926 1164 993 1222 ‘om.‚
1013 1162 1126 1230 θαρεῖον

110 1235 137 1288 Η
162 1266 195 1276 -
221 1238 338 1300 ποιῆσαι
355 1232 478 1289 vomov
501 1263 535 1274 -
563 1229 656 1300 4ἥξω
675 1229 724 1284 καλ
743 1249 797 1286 om.
813 1230 880 1297 VH,
911 1230 960 1285 καλ
979 1229 1055 1286 ἔλθω
1074 1248 1125 1286 om.

109 1306 255 1376 vulgoDd.
276 1339 308 1347 —
328 1311 344 1360 5
363 1311 475 1373 νεκροῖς
494 1302 554 1358 sine
573 1304 625 1357 art.
644 1301 744 1371 vulgo,
767 1309 826 1366 τοῖς
844 1306 962 1372 θνητοῖς
980 1302 1034 1359 Dd.
1055 1319 1088 1358 ex
1106 1301 1126 1355 P

111 1409 143 1418 -
164 1385 180 1432 6
199 1376 309 1449 λέγεται
329 1419 357 1431 ..
378 1373 466 1446 ῥύπος
484 1391 539 1431 om.
553 1374 627 1429 Viet.
638 1373 695 1427 VH

179 1541 256 1623 [527
295 1538 415 1618 ἐπάξω·
443 1538 464 1623 ἥ
488 1535 638 1605 στικτέον
662 1538 708 1614 εἰς
730 1538 768 1602 τὸ
790 1536 870 1622 ἥξω·
898 1538 918 1621 ἥ
948 1533 985 1603 δὲ
1009 1539 1127 1604 σύντα-

111 1648 160 1728 ξις
181 1648 332 1731 τοιαύτη·
365 1649 476 1713 ἔπειτα
505 1647 572 1730 ἥξω
600 1643 656 1711 καὶ
684 1644 791 1723 ἐπάξω
820 1646 999 1729 δωρήματα
1029 1654 1071 1731 γῇ
1094 1667 1127 1710 τε

110 1753 165 1821 καὶ
197 1754 294 1821 ἕνεκα
321 1763 389 1821 τῶν
416 1760 550 1840 φθιτῶν
576 1754 684 1837 ἥγουν
710 1763 778 1816 τῶν
805 1762 944 1837 νεκρῶν,
977 1755 1127 1835 λαβοῦσα

111 1863 175 1929 ἀπὸ
198 1875 267 1928 τῶν
291 1863 378 1947 ἐμῶν
402 1868 504 1928 οἴκων
526 1859 672 1926 πέλανον
694 1856 749 1925 καὶ
771 1865 874 1943 θύμα.
898 1857 948 1945 Ρ].

178 2059 242 2124 528
280 2057 454 2141 ἐπίσταμαι
477 2053 552 2141 μένε
577 2051 653 2122 οἴδα
677 2055 749 2142 μέν,
772 2058 887 2140 φησίν,
912 2053 975 2139 ἐγὼ
1000 2056 1051 2121 ὅτι
1075 2052 1127 2120 ἐπὶ

111 2162 375 2249 ἐξειργασμένοις
406 2161 462 2229 καὶ
493 2165 558 2249 ἥδη
588 2163 741 2249 φθάσασι
770 2161 928 2246 γενέσθαι
957 2163 1127 2248 πράγμασι

109 2269 165 2338 καὶ
186 2274 306 2358 φόνοις
328 2279 395 2334 τῶν
414 2273 557 2355 Περσῶν
580 2266 688 2353 μέλλω
712 2269 812 2334 θύειν
835 2269 927 2352 αὐτῆ.
963 2271 1000 2333 τὸ
1024 2269 1127 2334 κακὸν

110 2380 174 2464 γάρ
197 2379 262 2464 ἥδη
287 2377 426 2462 ἐγένετο.
472 2370 543 2441 ἀλλ’
570 2376 659 2461 ὅμως
681 2374 745 2442 κάν
772 2373 825 2441 ἐπὶ
852 2386 924 2452 τοϊς
947 2378 1046 2454 ζῶσιν
1070 2375 1127 2439 άν-

84 2487 232 2569 οθράσιν
256 2486 407 2571 εὔξομαι,
435 2491 470 2550 ελ
488 2507 557 2561 πως
580 2484 617 2548 τὸ
641 2481 763 2568 μέλλον
786 2487 894 2560 καλῶς
917 2481 1125 2566 ἀποβήσεται.

182 2621 430 2696 θέξειργασμὲνος
447 2624 473 2676 Η
502 2655 535 2664 -
566 2623 716 2694 θαύτῆν
744 2654 778 2663 -
805 2622 837 2677 τὸ
861 2621 914 2693 γάρ
934 2621 1024 2677 κακὸν
1043 2622 1069 2676 V
1093 2653 1125 2662 —

110 2705 128 2752 4
147 2697 195 2752 καλ
214 2693 261 2753 ἐπὶ
279 2698 305 2751 Η
325 2729 357 2736 -
377 2695 498 2765 ἀνδράσι
516 2695 543 2748 Η
563 2728 594 2735 -
615 2702 631 2750 5
650 2693 810 2766 εύξωμαιΟ
831 2727 862 2734 -
884 2696 962 2761 εἴπερ
978 2691 1032 2747 OV
1047 2724 1080 2732 -
1095 2692 1126 2747 τὸ

110 2768 200 2824 κακὸν
219 2766 312 2839 μέλλει
329 2766 527 2839 ἀποβήσεσθαι
545 2767 571 2820 V
591 2799 623 2808 —
642 2767 730 2822 καλὸν
748 2766 779 2834 Ρ,
798 2765 888 2821 κακὸν
907 2764 960 2820 ΟΗ
978 2796 1014 2805 -
1027 2758 1126 2836 ’ἀποβῇ

110 2843 132 2895 Ρ
152 2839 240 2894 altero
260 2841 448 2908 superscripto

178 3021 242 3086 529
280 3019 363 3086 ἀλλὰ
388 3020 443 3085 διὰ
466 3023 546 3098 τοὺς
569 3023 692 3100 ζῶντας
714 3019 776 3104 χρῆ
800 3019 924 3094 θυσίας
945 3025 1067 3100 ποιεῖν,
1097 3021 1130 3082 ελ

110 3128 176 3194 πού
199 3151 287 3206 τινες
310 3123 377 3194 εἶεν
401 3125 477 3216 ζωοὶ
499 3128 573 3210 ἥτοι
598 3130 723 3206 ζῶντες.
746 3124 911 3210 vulgoDd.

181 3292 197 3340 2
218 3286 282 3360 ζφολ
299 3285 361 3354 ἥκοι
380 3303 433 3340 om.
447 3286 501 3340 Dd.
