2430 3856
95 159 115 227 8
375 164 631 220 ARGUMENTUM
648 165 824 222 FABULAE.

97 321 154 388 καὶ
176 322 302 410 Ξέρξου
325 329 432 413 πατὴρ
455 337 516 393 τοῦ
540 327 802 414 στρατεύσαντος
825 323 877 391 ἐπὶ
901 328 980 403 τοὺς
994 323 1113 410 Ἕλλη-

95 453 166 508 νας.
208 432 363 518 δεύτερος
383 431 420 499 δὲ
435 443 579 521 Δαρεῖος
598 434 616 500 ὁ
633 430 846 519 Ἀρταξέρξου
860 436 982 518 -τιατηρ,
1005 435 1112 509 νόθος

95 543 397 624 προσαγορευθείς,
428 543 563 626 ἔσχατος
591 538 629 606 δὲ
657 545 802 626 Δαρεῖος
830 540 848 606 ό
876 541 941 605 ὑπὸ
962 533 1112 618 Ἀλεξάν-

98 644 182 729 δρου
205 655 266 711 τοῦ
292 650 460 713 Φιλίππου
484 648 683 734 ἀναιρεθείς.
719 644 808 724 τινὲς
827 644 937 712 δὲκαὶ
955 643 1114 732 τέταρτον

56 767 84 808 45
98 755 247 837 Δαρεῖον
271 748 356 819 εἶναι
379 755 578 840 γράφουσιν.

165 859 206 924 τά
219 867 280 924 τοῦ
295 860 462 946 δράματος
475 864 649 948 πρόσωπα·
663 863 763 947 χορὸς
771 858 1113 947 γερόντων,’Ἁτοσσα,

100 965 248 1048 ἄγγελος,
273 968 414 1033 εἴδωλον
436 971 597 1052 Δαρείου,
626 966 759 1052 Ξέρξης.
804 970 994 1053 αρολογίζει
1016 967 1118 1052 χορὸς

99 1074 277 1157 γερόντων.
983 1119 985 1122 <

172 1287 206 1336 41
223 1282 273 1337 καὶ
287 1299 341 1338 om.
356 1282 410 1338 GV
420 1316 456 1324 —
469 1291 504 1339 42
519 1285 678 1354 άρταξουί
690 1317 722 1324 -
738 1282 827 1348 νόθος
841 1302 894 1340 om.
905 1284 938 1352 G,
956 1284 1049 1354 Σύρος
1062 1285 1117 1339 Dd.

102 1356 198 1423 (super
206 1354 237 1408 id
247 1355 283 1408 ab
294 1354 355 1410 ead.
365 1371 439 1410 man.
451 1355 588 1425 scriptum
598 1354 687 1419 νόθος
696 1355 738 1425 Ο),
750 1355 833 1423 σόρος
841 1355 868 1409 V
879 1387 911 1396 —
923 1362 956 1411 43
967 1354 1017 1411 ὑπ’
1029 1356 1082 1410 Dd.
1092 1357 1116 1406 V

101 1456 137 1466 -
146 1432 182 1479 44
195 1425 361 1495 όινερανδείς
371 1426 402 1494 G,
417 1429 590 1491 καταλυθείς
601 1444 665 1482 eum
674 1447 715 1517 γρ.
726 1427 892 1497 ἀναιρεθείς
900 1429 930 1494 Ρ,
945 1429 1119 1491 καταλυθείς

100 1495 155 1551 Dd.
176 1527 208 1536 -
227 1501 262 1551 45
281 1495 440 1568 γράφουσιν
457 1498 511 1552 Dd.
531 1515 565 1553 ex
578 1498 609 1566 P,
628 1515 769 1569 γράφουσι
784 1500 817 1566 V,
836 1502 965 1569 λέγουσιν
984 1498 1067 1553 GHO
1084 1529 1117 1539 -

102 1573 137 1622 46
156 1565 318 1639 δράμμοιτος
336 1570 357 1623 L
379 1600 411 1610 -
431 1575 465 1633 47
485 1574 598 1640 ττρολογ.
621 1569 703 1640 χορὸς
725 1568 863 1641 γερόντων
887 1587 941 1625 om.
960 1570 995 1639 L,
1018 1573 1118 1640 προλο-

102 1639 173 1709 γίζει
191 1637 206 1694 ό
225 1639 308 1710 χορὸς
325 1647 382 1696 τῶν
400 1639 540 1712 γερόντων
553 1641 581 1695 Η
595 1673 628 1682 -
644 1641 738 1696 Verba
755 1639 791 1696 τά
805 1649 855 1696 τοῦ
870 1639 1012 1712 δράματος
1030 1658 1118 1709 usque

102 1711 139 1763 ad
162 1709 245 1766 finem
269 1727 322 1766 om.
342 1711 395 1769 Dd.
432 1713 464 1766 In
483 1713 506 1768 G
528 1713 599 1768 haee
623 1729 674 1783 pro
700 1714 740 1768 eis
762 1712 908 1782 leguntur:
933 1712 1119 1784 τροτωιιάρια

336 1781 397 1838 νόει
862 1837 868 1848 ,
1060 1820 1063 1825 -

102 1842 153 1890 τοῦ
172 1834 315 1908 δράματος
337 1845 403 1893 νῦνε
426 1838 511 1908 χορὸν
534 1837 674 1909 γερόντων
696 1837 816 1894 άτοσσον
835 1839 897 1908 (ειο)
919 1838 1050 1910 βασιλίδα
1067 1838 1118 1892 τὸν

102 1904 223 2032 ἄγγελον
247 1908 333 1963 πάλιν
358 1927 388 1963 τε
413 1917 469 1965 τῶν
492 1908 663 1980 μηνυμάτων
685 1907 735 1965 καὶ
753 1911 869 1979 δαρείον
893 1910 1009 1964 εἴδωλον
1028 1907 1119 1978 ἄρδην

105 1996 142 2032 αα
177 1976 285 2066 ξίρξην.
322 1979 353 2034 τὸ
377 1977 405 2033 δ’
427 1975 502 2035 ἐστὶν
525 1981 664 2051 ἀφηγημιι
685 1989 796 2050 περσῶν
822 1977 962 2050 αίσγόλου.
1001 1977 1119 2036 ἔπαινον

105 2065 261 2120 προσφερει
278 2048 332 2119 γδιρ
350 2055 409 2112 τοῖς
425 2048 578 2120 όιδηναίοις
593 2050 711 2107 ἔπαινον
731 2048 867 2122 ίγιιόμιον
881 2049 965 2122 χάριν
979 2053 1121 2122 μεγίστην.
