2430 3856
473 156 687 210 PRAEFATIO.
1049 157 1087 207 LI

66 321 183 402 γοῦτο]
213 316 378 382 ἐνεδύετο.
401 354 445 364 -
474 317 517 402 81.
541 339 569 382 v.
593 317 659 383 203
688 316 772 381 αὐτὰ
802 317 899 382 ἀτινα
927 312 1020 383 εἶδον
1050 316 1087 382 ἐν

63 427 166 490 νυκτί
181 422 237 512 (de
256 425 300 507 gl.
315 423 335 487 t
350 419 445 489 εἷπον
460 425 523 488 vid.
533 447 563 508 p.
573 422 759 507 111111).-
778 425 821 507 81.
832 447 860 489 v.
872 426 937 489 218
957 426 1084 508 λόγοις]

66 531 103 598 ἐν
126 541 197 608 τοῖς
225 531 350 607 δεινοῖς
377 530 535 613 ὀνείρασι.
559 567 610 589 -.
626 532 669 614 81.
688 553 718 596 v.
737 531 803 596 263
825 531 1005 614 γινώσκετε
1029 532 1087 612 δη-

66 641 189 704 λονότι.
217 675 254 685 -
281 640 324 722 81.
346 661 373 704 v.
392 639 456 703 377
481 637 646 720 ἀκόσμως]
670 638 778 720 ἤγουν
802 637 1018 712 ἀπαιδεύτως.
1043 673 1086 684 —-

65 748 108 830 81.
128 768 156 811 v.
177 746 241 810 347
265 743 332 809 ὑπό
355 759 430 826 σου,
453 743 532 807 item
556 744 600 826 gl.
619 743 684 808 602
708 742 772 808 ἀπὸ
794 754 863 807 τῶν
882 746 1022 827 βροτῶν.
1041 779 1086 789 -

65 851 108 935 81.
127 872 156 915 v.
176 848 242 915 365
266 849 350 913 θεὸν
378 851 524 933 φθόνου.
551 885 589 896 -
620 847 751 932 81574
775 847 882 929 στένε]
910 851 1006 926 πόλις
1028 850 1085 931 δη-

64 959 189 1022 λονότι.
216 992 253 1004 -
286 956 417 1040 81617
452 954 633 1039 ἀκήρατον]
670 953 852 1020 ἀθάνατον.
878 992 924 1002 -
952 956 996 1040 81.
1021 957 1084 1020 648

65 1057 131 1129 ὦδε
155 1055 226 1139 οἷος
248 1057 292 1145 ἤν
315 1064 379 1144 πρὸ
397 1070 459 1127 τοῦ
478 1061 675 1126 ἀποθανεῖν.
694 1098 732 1109 -
753 1062 798 1145 81.
812 1062 876 1126 659
897 1061 1025 1145 ἐξῆλθε.
1044 1100 1082 1109 -

65 1172 106 1256 81.
132 1171 195 1235 787
220 1171 328 1253 ἤγουν
356 1169 392 1233 οί
411 1169 475 1251 πρὸ
498 1177 560 1233 τοῦ
582 1166 709 1252 Ξέρξου
737 1169 995 1252 βασιλεύσαντες
1026 1191 1084 1252 pro

65 1277 101 1342 οί
119 1277 185 1361 πρὸ
204 1283 265 1340 τοῦ
288 1276 553 1359 βασιλεύσαντες.
580 1312 620 1322 --
979 1346 981 1350 Α

132 1384 302 1449 Accedunt
330 1404 411 1468 quae
440 1383 505 1446 iam
535 1382 640 1447 altera
669 1404 784 1446 manus
809 1380 928 1447 delevit
951 1383 995 1467 gl.
1019 1382 1084 1449 755

64 1494 96 1555 et
119 1490 195 1556 911.
243 1485 323 1576 (Sed
346 1488 390 1572 81.
409 1489 473 1554 817
498 1489 641 1571 βοήθεια
666 1489 705 1552 ad
729 1485 849 1574 κρηπὶς
872 1488 1083 1573 adscriptum,

63 1597 147 1680 quod
171 1596 228 1660 illa
252 1595 399 1680 extinxit,
423 1617 531 1660 errore
554 1617 613 1680 pro
632 1594 814 1678 ὑποβάθρα
833 1599 1003 1660 exaratum
1023 1600 1083 1674 est,

63 1703 188 1768 ο1.εο1].
211 1704 249 1768 A.
304 1701 390 1767 Sane
423 1702 541 1766 mirum
573 1700 742 1784 mendum,
773 1723 833 1766 nee
866 1724 943 1766 vero
976 1703 1082 1786 magis

62 1809 246 1873 mirandum
267 1831 366 1894 quam
387 1808 480 1874 haec:
506 1807 573 1873 sch.
592 1828 695 1892 marg.
715 1803 750 1896 (i.
770 1830 797 1872 e.
817 1807 884 1874 sch.
903 1802 949 1894 A)
968 1829 997 1872 v.
1016 1807 1080 1872 931

62 1914 133 1982 ἐπεὶ
155 1917 241 1999 γυνῆ
260 1913 373 1992 Ἀσίας
395 1938 455 1998 pro
480 1912 533 1980 ἐπὶ
555 1916 641 1998 γόνυ
660 1913 680 1998 A
701 1911 822 1996 Ἀσίας,
846 1937 875 1978 v.
895 1914 959 1979 636
984 1912 1021 1978 ἐν
1039 1922 1082 1999 γῆ

61 2045 120 2107 pro
144 2024 258 2106 αίανῆ,
294 2024 358 2088 571
385 2022 440 2088 διά
463 2024 574 2105 φόβου
598 2044 657 2107 pro
683 2022 738 2085 διὰ
762 2022 971 2106 διφδόγγου,
1015 2023 1082 2085 242

62 2131 194 2213 ἔχονται
216 2151 276 2212 pro
298 2130 473 2215 μάχονται,
507 2131 570 2195 171
590 2131 781 2212 παρρησιάν
800 2151 861 2212 pro
880 2129 1081 2212 παρουσίαν,

34 2268 38 2273 ·
62 2236 190 2321 81805
213 2237 466 2319 βουλεύσασθαι
488 2259 547 2322 pro
571 2233 867 2321 στρατεύσασθαι.)

127 2342 268 2408 Leniora
290 2343 372 2409 haec
395 2347 482 2408 sunt:

128 2450 171 2533 gl.
196 2450 260 2514 146
294 2448 314 2532 A
347 2453 440 2534 χρεία
473 2450 536 2532 γάρ
568 2446 624 2514 καὶ
657 2448 675 2513 ὁ
707 2449 828 2531 καιρὸς
850 2455 908 2531 τῆς
936 2446 1082 2530 ἀνάγκης

60 2563 231 2638 προσῆκον
254 2553 310 2620 καὶ
333 2555 497 2638 ἁρμόδιον
516 2565 609 2620 ποιεῖ
623 2556 661 2619 τὸ
680 2553 915 2637 βουλεύεσθαι.
957 2551 1082 2619 Contra

59 2659 106 2726 M:
129 2660 150 2744 A
174 2662 237 2745 γὰρ
257 2664 351 2747 χρεία
369 2670 540 2746 προσηκον
557 2672 649 2726 ποιεί
662 2662 700 2726 τὸ
714 2660 939 2743 βουλεύεσθαι
955 2657 1010 2747 (ef.
1026 2657 1081 2748 A).

61 2765 219 2832 Similiter
250 2774 379 2833 auctum
390 2838 396 2854 A
408 2770 451 2854 gl.
476 2770 519 2834 80
550 2770 714 2844 πλουσίας
745 2769 852 2850 ἤγουν
884 2765 920 2832 ἐκ
952 2776 1081 2853 χρυσοῦ

59 2873 283 2959 γεγενημένης
310 2897 349 2941 σο
378 2875 464 2960 quod
494 2878 544 2939 est
570 2885 640 2952 τοῖς
668 2871 745 2939 οὐσ1
769 2875 928 2958 δηλονότι
952 2873 988 2939 ἐκ
1010 2882 1079 2957 τῆς,

59 2983 102 3065 gl.
122 2982 187 3048 122
212 2981 433 3066 ἐστερημένον
457 2981 593 3066 ἀνδρῶν
615 3004 654 3048 eo
678 2981 764 3066 quod
789 2985 840 3046 est
863 2981 915 3046 ότι
934 2978 1004 3046 ἐστὶ
1023 2981 1079 3062 δη-

59 3091 187 3174 λονότι,
224 3089 268 3173 81.
287 3090 309 3152 4
328 3089 411 3153 κατὰ
428 3090 528 3173 τιμῆν
546 3088 705 3174 (Μοάἰοοο
728 3086 910 3174 firmatum)
935 3109 972 3152 eo
992 3087 1078 3171 quod

58 3218 130 3262 cum
163 3196 222 3260 illo
256 3217 324 3260 non
357 3197 509 3261 convenit
541 3197 623 3260 κατὰ
654 3193 749 3273 τάξιν
785 3194 939 3279 γηραιόν.
994 3192 1079 3256 Tum

58 3303 103 3390 81.
120 3304 164 3368 48
188 3304 321 3388 ἔχοντες
340 3303 508 3386 δηλονότι,
527 3307 564 3367 ut
580 3325 639 3387 per
664 3324 698 3367 se
717 3323 914 3385 perversum,
936 3299 986 3364 ita
1003 3298 1079 3363 inde

56 3408 178 3475 falsum
197 3431 268 3474 esse
288 3410 508 3494 cognoscitur,
531 3411 617 3494 quod
635 3431 702 3474 non
721 3407 860 3492 quadrat
879 3408 920 3472 ad
941 3407 1081 3470 alterum

56 3516 101 3603 81.
126 3513 290 3602 ἐξορμῶσι
320 3516 490 3599 δηλονότι·
523 3513 588 3580 ἀπὸ
616 3521 749 3582 κοινοῦ.
788 3512 874 3579 tint
899 3515 1026 3666 {Am
1050 3509 1110 3573 δεε-
