2430 3856
338 197 340 201 '
475 197 515 249 IN
533 197 565 250 V.
585 200 736 250 307-312.

99 357 163 422 307
188 353 244 421 καλ
268 357 286 423 ὁ
310 357 350 422 V.
375 395 416 404 -
442 359 498 422 διά
524 366 582 442 τῆς

96 462 138 528 V.
172 500 213 510 -
251 467 432 549 κονταρίον
460 464 500 530 V.
542 502 579 510 -

98 571 163 637 308
211 569 359 654 ἐλαφρόν
392 570 502 636 VHL.
541 608 579 617 -
684 571 688 577 ’

98 676 243 762 ἐπήδησε
267 676 375 743 VBG.
416 677 582 762 ἐπήδησεν

97 783 139 850 Η,
167 821 204 830 -
445 830 448 835 .

98 1211 164 1277 309
188 1209 359 1294 Τενάγων]
379 1210 452 1275 bv.
473 1196 512 1258 ἕ-
538 1206 580 1291 τ’]

97 1315 154 1382 καλ
176 1316 216 1382 V.
245 1355 287 1364 —
320 1317 454 1402 Βάκτρα
485 1321 583 1396 πόλις

98 1425 267 1508 Περσίδος
277 1423 317 1489 V.
340 1425 473 1510 Βάκτρα
487 1427 583 1502 πόλις

98 1536 244 1611 Περσῶν
289 1529 325 1596 L.
395 1534 497 1608 ἔθνος
550 1532 585 1597 οἱ

97 1637 270 1721 Βάκτριοι·
317 1633 366 1704 ὧν
406 1641 502 1716 πόλις
541 1641 583 1704 τά

97 1744 243 1828 Βάκτρα,
263 1747 413 1830 Περσική
435 1745 581 1829 marg.G.

98 1889 141 1900 -
171 1850 349 1935 αὐτόχθων
382 1855 519 1936 πολίτης
541 1852 582 1918 V.

98 1957 279 2042 αὐτόχθων
286 1957 328 2023 Η.
352 1962 489 2042 πολίτης
502 1961 582 2043 γνη-

99 2080 172 2141 σιος
189 2064 224 2130 L.
249 2065 401 2142 ἐντόπιος
424 2063 479 2131 καὶ
502 2069 582 2149 γνή-

99 2189 172 2248 σιος
195 2171 213 2237 ὁ
237 2175 373 2256 πολίτης
392 2172 430 2240 G.
451 2209 489 2220 —
516 2174 582 2240 310

97 2279 160 2362 τὴν
183 2276 413 2363 πληττομένην
436 2279 582 2364 ὑπὸτῆς

98 2386 271 2471 θαλάσσης
285 2387 325 2451 V.
350 2388 413 2470 τὴν
435 2386 501 2452 ὑπὸ
524 2395 582 2471 τῆς

98 2494 273 2577 θαλάσσης
303 2493 533 2579 πληττομένην
560 2493 581 2578 ἢ

98 2601 160 2685 τὴν
175 2600 240 2666 ὑπὸ
254 2601 429 2685 θαλάσσης
442 2605 581 2683 πλησια-

100 2706 241 2791 ζομένην
260 2708 297 2773 G.
321 2745 359 2754 —
384 2709 446 2790 την
470 2711 581 2771 Σαλα-

99 2825 179 2896 μῖνα
203 2814 243 2879 V.
269 2852 308 2862 -
342 2811 582 2898 ἀναστρέφεται

97 2920 160 2985 VG
207 2918 502 3007 (ἐπαναστρέφεται
538 2917 580 2983 Η.

98 3025 319 3111 συστρέφεται
342 3025 394 3111 L).
421 3064 458 3073 —

98 3136 162 3200 311
188 3137 236 3215 τε]
261 3131 316 3199 καλ
335 3133 375 3199 V.
398 3168 435 3180 -

91 3561 162 3624 312
182 3554 276 3625 οὐτοι
292 3559 329 3626 G.
355 3558 413 3628 καλ
434 3556 589 3635 οὗτοιλλ.

636 1212 701 1277 300
726 1212 858 1297 Βάκτρα
881 1214 976 1289 πόλις
995 1212 1117 1296 Περσί-

637 1318 703 1396 ὐος.
729 1356 769 1365 -

636 2065 703 2130 310
733 2064 901 2150 εὐφήμως·
938 2074 1043 2130 κεῖται
1080 2063 1116 2129 ἐν

636 2176 812 2278 Σαλαμῖνι.
837 2209 878 2219 -

648 3566 722 3634 m
786 3561 854 3647 τὴν
913 3543 1190 3625 mmmmm*
