2430 3856
474 203 514 254 IN
534 203 564 255 V.
583 206 734 256 470-476.
1049 199 1111 264 151

96 365 136 430 V.
159 364 294 448 ὑψηλὴν
308 363 348 428 Η.
371 400 409 410 -
430 365 497 430 470
519 366 579 430 τὸν
634 363 773 450 ὁρῶντα.
798 361 886 448 λέγει
909 361 947 430 δὲ
968 365 1005 430 τὸ
1025 363 1115 429 ἄντι-

97 472 275 556 Αίγάλεων
321 471 498 554 (αίγυαλὸν
543 469 580 556 L,
633 473 696 557 κρὺ
724 475 917 557 Σαλαμῖνος
947 472 1025 556 ὅρος
1054 472 1114 537 τὸν

96 580 302 662 αίγιαλιαῖον
328 575 370 663 G)
404 577 449 655 ὡς
480 573 579 662 Ἦρό-
633 575 716 667 (τῶν
734 601 776 664 m,
795 601 876 644 corr.
890 576 991 665 Viet.)
1010 577 1114 662 Αίγνί-

97 687 196 762 δοιός
232 701 337 768 φησιν
374 681 498 771 (φησιν
535 684 580 762 ὡς
633 690 730 768 λεων,
755 685 800 762 ὥς
818 700 923 770 φησιν
933 681 1115 767 Ἡρόδοτος

94 791 267 878 ηρώὸοτος
294 789 383 874 λε’γει
405 788 447 878 L)
475 789 579 856 BGL.
633 790 730 880 (VIII
749 790 816 879 90).

98 935 137 946 —
163 900 307 982 πλησίον
325 897 399 963 VL.
420 936 462 946 -
481 903 579 963 πελα-

95 1002 253 1090 γιζούσης
275 1003 315 1071 V.
341 1042 379 1052 -
405 1005 579 1089 θαλάσσης
629 1011 630 1015 ’

96 1111 136 1177 V.
159 1111 327 1195 θαλάττης
349 1111 384 1177 L.

95 2075 161 2139 471
182 2074 298 2158 σχίσας
311 2071 421 2138 VHL.
441 2110 484 2120 -
508 2071 579 2158 [μνί-

94 2203 150 2246 τια
164 2180 238 2245 HL.
252 2216 297 2228 —
315 2181 490 2264 θρηνήσας
501 2179 580 2245 VH.

97 2325 140 2335 —
165 2285 224 2366 ὀξὺ
247 2286 326 2358 VH.
342 2323 380 2334 -
403 2287 468 2352 472
497 2302 580 2371 σνμ-
633 2289 699 2354 472
723 2298 845 2372 φυγεῖν
869 2288 974 2371 δῆλον
996 2287 1056 2352 ὅτι.
1073 2323 1115 2333 -

96 2393 366 2479 βουλευσάμενος
388 2394 428 2459 V.
458 2430 496 2441 —
527 2393 580 2459 εὐ-

96 2499 187 2578 θέως
217 2499 395 2567 VHBGL.
431 2538 469 2548 -
514 2501 580 2568 473

97 2610 231 2694 ὥρμησε
254 2607 388 2673 VBGL
412 2605 580 2693 (ὥρμησεν

97 2712 141 2803 Β)
159 2717 302 2801 ἔφευγεν
320 2715 362 2780 H.
384 2750 421 2760 -
452 2713 580 2802 ἀτάκτῳ

97 2821 179 2888 VH.
196 2859 235 2870 —
251 2823 317 2888 474
336 2823 400 2887 σὺν
419 2830 458 2907 τῇ
477 2843 582 2905 παρα-

97 2928 578 3015 γενομένηίπνενίρεστιί-

96 3035 164 3101 475
184 3030 210 3100 ὦ
234 3036 316 3120 τύχη
340 3035 361 3120 ἡ
386 3035 580 3119 σενγνοίζειν
635 3035 701 3101 475
737 3039 930 3118 ψευσθῆναι
960 3033 1117 3117 ἐποίησας

98 3141 155 3208 καὶ
162 3141 324 3209 ἀνιᾶσθαι
332 3151 487 3226 ποιοῦσα,
497 3143 582 3228 ἡμᾶς
634 3150 702 3206 τῶν
718 3152 853 3228 φρενῶν
867 3137 922 3204 καὶ
937 3138 1116 3225 ἀποτυχεῖν

98 3255 292 3334 ψευσθῆναι
301 3249 503 3336 <ἐποίησας>
513 3261 581 3316 τῶν
636 3243 684 3314 ὧν
707 3249 854 3332 ἤλπιζον.
873 3284 910 3293 -

98 3367 235 3423 σκοπῶν
260 3357 300 3422 V.
351 3357 432 3442 τύχη
466 3356 507 3421 Η.
541 3394 579 3406 -

102 3501 140 3513 -
156 3466 233 3530 λίαν
244 3463 285 3530 V.
303 3501 341 3511 —
357 3464 528 3548 ἠπάτησας
539 3462 582 3529 Η.

100 3607 138 3617 -
177 3571 246 3635 476
280 3570 512 3640 ίντααόδοσιν
551 3573 587 3642 H
