2430 3856
478 164 517 214 m
535 164 568 215 v,
586 165 737 215 soe-815.
1049 157 1114 222 221

98 350 151 390 νει
182 325 222 390 V.
258 362 303 373 —
339 329 434 401 λίπος
464 323 505 390 V.
540 359 579 370 —
634 323 697 408 τὴν
723 323 890 389 Βοιωτίαν
919 318 1116 399 δἈσωιιός.

100 435 203 516 φίλον
230 435 370 516 πίασμα]
399 426 582 517 προσφιλὲς
634 433 761 516 πίασμα
771 427 1115 514 ἀντὶτοῦλίιιασμα.-

98 543 246 624 λίπασμα
259 538 295 604 G.
314 533 498 624 προσφιλὲς
510 547 582 614 τοῖς

100 646 204 711 ἐκεῖσε
227 649 369 730 πίασμα
392 643 462 711 BL.
489 681 526 691 -

99 1090 162 1155 809
201 1089 288 1154 ὅπου
324 1088 363 1153 V.
400 1125 444 1135 —
482 1091 579 1171 σφιν]

98 1196 212 1272 αὐτοῖς
258 1189 345 1259 in'fra
387 1194 474 1279 quod
510 1205 581 1271 τοῖς

97 1304 281 1388 βαρβάροις
295 1301 334 1368 V.
350 1339 393 1348 —
411 1300 580 1386 περιμένει

98 1410 137 1474 V.
162 1447 205 1456 —
234 1408 299 1474 ὑπὸ
322 1418 389 1472 τῶν
408 1402 580 1491 Ἑλλήνων

97 1623 158 1705 τὴν
196 1620 233 1686 ἐν
266 1626 451 1697 Πλαταιαῖς
487 1623 545 1698 πεζ
565 1660 579 1670 -
634 1619 698 1684 809
720 1619 782 1704 τὴν
801 1618 838 1684 ἐν
857 1625 1041 1698 Πλαταιαῖς
1058 1643 1115 1686 ιτε-

98 1732 220 1813 μαχίαν
244 1731 360 1812 φησίν,
391 1727 463 1810 ἥτις
489 1727 580 1813 παρὰ
635 1729 792 1813 ζομαχίαν
819 1730 939 1811 φησίν,
966 1727 1010 1812 ἣν
1032 1730 1115 1813 πρὸς

97 1847 164 1900 τῶν
176 1835 349 1900 Λακώνων
363 1833 491 1918 ἡττήθη
507 1831 579 1920 (λα-
634 1833 798 1912 Λάκωνας
830 1835 1038 1920 ἡσσήθησαν.
1072 1871 1113 1881 -

96 1945 206 2008 κόνων
234 1940 274 2026 L)
307 1961 409 2026 marg.
433 1940 503 2010 GL.
539 1978 576 1988 -

97 2050 232 2129 ἄποινα]
247 2059 314 2114 τῶν
328 2054 421 2113 θεῶν
436 2046 579 2131 *θηλον-

97 2159 148 2221 ότι
157 2155 198 2220 V.
215 2191 259 2202 -—
280 2157 344 2220 811
360 2155 396 2219 οί
414 2154 578 2240 βάρβαροι
1037 2189 1040 2194 -

97 2263 137 2328 V.
158 2301 200 2309 —
220 2262 377 2338 ἐλθόντες
391 2261 431 2326 V.
450 2299 492 2308 —
513 2263 578 2328 812
634 2262 699 2327 812
722 2260 970 2347 ἐνεπίμπρασαν
991 2263 1055 2349 γὰρ
1074 2263 1114 2326 τὰ

95 2365 308 2456 *ᾐσχύνοντο
332 2368 372 2434 V.
399 2405 441 2414 -
470 2371 578 2433 καίειν
633 2368 713 2455 ίερία
740 2405 778 2416 -

96 2475 136 2542 V.
159 2477 305 2552 -τοὺς
332 2477 436 2552 ναοὺς
460 2473 578 2561 θεοὺς

96 2606 156 2648 scr.
189 2584 246 2648 alt.
279 2579 335 2669 m.)
366 2581 406 2646 V.
439 2618 475 2627 —
511 2582 577 2647 813

95 2689 236 2773 ἀφανεῖς
259 2686 398 2753 VBGL.
422 2725 460 2733 —
485 2693 578 2752 θεῶν

94 2795 134 2861 V.
151 2833 190 2843 -
212 2799 372 2879 κτίσματα
387 2796 427 2860 V.
443 2833 488 2842 —
512 2797 578 2861 814

95 2902 181 2988 ὁμοῦ
195 2902 334 2968 VBGL.
352 2939 389 2949 —
412 2902 478 2968 815
497 2902 578 2966 *διὰ
632 2903 697 2968 815
721 2902 855 2986 ὡραῖον.
882 2939 919 2950 -

93 3018 193 3075 τοῦτο
224 3008 395 3094 (θιατοῦτο
424 3008 507 3093 eod.)
538 3009 577 3073 V.

95 3155 137 3164 -
162 3117 287 3202 ὡραῖον
315 3116 414 3201 praef.
440 3114 508 3181 GL.
533 3151 575 3163 -

93 3222 318 3309 *σμικρότερα
344 3221 443 3309 (quod
468 3239 576 3307 οσμι-

94 3333 157 3414 κρὰ
181 3355 201 3394 α
226 3353 274 3416 pr.
296 3353 337 3395 m.
361 3330 482 3413 scripto
506 3352 574 3393 mu·

93 3443 198 3503 tatum
235 3434 375 3523 videtur)
412 3447 479 3502 τῶν
516 3429 572 3500 ὑπ’

93 3545 205 3609 αὐτῶν
221 3543 466 3632 τεταραγμένων
479 3543 522 3612 V.
537 3582 581 3594 —
