2430 3856
525 187 684 241 SOHOLIA

162 937 228 999 242
240 957 286 1018 sq.
333 936 455 1020 πότερα
482 935 559 1016 γὰρι
593 928 672 1018 ἆρα,
697 935 795 1016 φησί,
821 933 877 996 διδι
899 942 966 997 τῶν
990 942 1114 1016 χειρῶν

95 1041 209 1117 αὐτοῖς
233 1039 389 1126 ἐμπρέπει
410 1040 430 1124 ἡ
450 1042 533 1124 βολὴ
553 1040 574 1124 ἡ
592 1041 718 1124 τοξικής
744 1036 817 1104 ἀντὶ
836 1048 897 1104 τοῦ
917 1033 981 1122 ἆρα
1001 1040 1115 1104 οῖδασι

94 1148 244 1226 τοξεύειν
273 1149 308 1212 οῖ
335 1145 523 1230 Ἀδηναῖοη
557 1144 753 1227 ἀποκριθεὶς
781 1142 818 1210 δὲ
846 1145 864 1211 δ
887 1146 986 1231 χορὸς
1008 1143 1114 1228 λέγει·

96 1255 251 1339 οὐδαμῶς
274 1253 352 1332 τόξα
376 1254 484 1320 ἕλκειν
507 1256 652 1337 οῖδασιν,
680 1257 758 1338 ἔγχη
787 1248 825 1317 δὲ
850 1253 1005 1317 σταδαῖα·
1038 1253 1115 1336 ἢτοι

73 1363 180 1446 ιξίφη
204 1364 356 1444 σταδαῖα,
380 1355 423 1425 δι’
444 1356 492 1426 ὧν
511 1362 679 1445 συστάδην
702 1359 757 1425 παὶ
777 1359 940 1444 ἐχεμγύιος
957 1356 1012 1423 καὶ
1031 1363 1115 1444 πλη-

96 1473 171 1534 σίον
195 1471 365 1553 μάχονται.
403 1470 481 1544 τοὺς
504 1469 567 1553 γὰρ
591 1467 627 1533 ἐκ
652 1467 884 1551 διαστημάτων
903 1465 1116 1550 μαχομένους

95 1574 336 1660 κατηντέλιζον.

170 1739 183 1787 1
203 1731 341 1804 πρότερον
360 1731 412 1802 μδιρ
433 1732 457 1784 Η
477 1763 509 1771 -
530 1731 586 1801 ἄρα
600 1731 627 1784 Η
648 1763 679 1772 -
699 1738 714 1784 2
735 1732 828 1787 αὐτῶν
846 1728 949 1801 πρέπει
964 1730 996 1798 V,
1016 1731 1115 1794 αὐτοῖς

95 1803 198 1875 πρέπει
217 1806 303 1874 vulgo
324 1837 353 1844 —
377 1799 433 1873 ἆρα
453 1805 519 1857 ante
539 1805 633 1858 οῖδασι
652 1819 706 1858 om.
725 1802 810 1857 PVH
830 1835 861 1843 -
882 1807 899 1855 4
919 1802 1014 1857 οῖδαοι
1033 1801 1058 1855 V
1079 1834 1113 1842 -

97 1874 128 1931 δὲ
145 1893 198 1931 om.
213 1876 238 1929 Η
254 1907 287 1916 -
307 1874 511 1946 δὲχεηκδωςδῖ
530 1906 559 1915 -
580 1876 629 1929 καὶ
643 1876 762 1944 πλησίον
776 1875 866 1932 om.V
882 1904 915 1914 -
932 1882 947 1929 6
963 1871 1114 1943 ἕχονταιῖ

160 2802 225 2865 244
271 2803 320 2878 τίς
344 2797 381 2864 δὲ
403 2800 591 2887 ποιμάνωρε
619 2805 668 2878 τίς
692 2801 740 2884 δέ,
763 2803 876 2886 φησίν,
902 2798 971 2866 ἐστὶ
993 2802 1114 2885 ποιμά-

96 2931 167 2990 νωρ
195 2908 269 2990 ἤτοι
299 2909 455 2990 βασιλεὺς
481 2916 542 2972 τοῦ
570 2918 729 2994 στρατοῦ,
761 2909 835 2991 ἤτοι
864 2918 925 2973 τοῦ
949 2914 1033 2973 λαοῦ
1056 2907 1115 2973 καὶ

96 3022 157 3079 τοῦ
181 3015 437 3099 στρατεύματος;
462 3013 617 3099 ποιμένες
640 3015 703 3100 μδιρ
728 3016 763 3079 οἱ
783 3019 931 3098 βασιλεῖς
949 3013 1115 3097 λέγονται.

97 3120 115 3186 ὁ
141 3118 178 3185 δὲ
201 3121 300 3206 χορὸς
324 3119 519 3205 ἀποκριθεὶς
542 3120 644 3204 λέγει·
673 3121 751 3205 οὐχί
769 3145 862 3199 τινος
889 3122 1012 3205 ἀνδρὸς
1035 3120 1115 3187 ὀνο-

69 3228 253 3312 ιμάζονται
276 3230 393 3294 δοῦλοι
417 3224 497 3293 οὐδὲ
519 3228 670 3312 ὑπήκοοι.

167 3393 250 3440 ῖτοῖι
270 3387 388 3456 στρατοῦ
407 3383 470 3453 ἤτοι
489 3402 542 3439 om.
562 3385 737 3451 Ddflvulgo
764 3418 795 3426 -
819 3385 882 3453 ἤτοι
901 3394 950 3441 τοῦ
969 3389 1038 3439 λαοῦ
1058 3386 1108 3440 καὶ

90 3463 144 3508 τον
159 3457 305 3527 ντρατεδμ,
328 3473 381 3512 om,
398 3458 423 3511 V
443 3487 476 3498 -
495 3464 511 3511 5
531 3454 594 3511 οὐδ’
615 3456 768 3527 vulgoDd.,
788 3458 838 3527 οὐχ
857 3458 883 3511 Η
