2430 3856
504 176 544 226 m
561 176 595 228 V.
613 179 728 232 41-46.

102 337 145 402 41
170 335 350 421 ἐπιτήδειοι
373 336 443 402 VH
462 333 587 424 (ἐπιτή-

103 445 172 510 διοι
186 443 233 530 Η)
249 443 319 509 GL.
356 480 399 490 —
440 445 585 526 πλῆθος]

103 552 186 617 κατὰ
208 551 248 616 V.
294 553 377 616 κατὰ
408 550 446 615 τὸ
476 549 519 614 Η.
544 586 583 596 -

104 655 281 743 διμέτρητοι
303 657 343 723 V.
370 694 407 704 —

102 767 147 830 42
169 775 237 830 τῶν
256 763 366 849 ἁβρῶς
383 761 440 829 καὶ
458 787 585 849 τρυφη-
637 766 683 831 42
720 765 945 851 ἁβροδιαίτων
982 763 1012 831 δ’
1049 765 1123 832 ἕπε-

101 877 168 949 λῶς
189 870 407 957 τρεφομένων
424 867 480 936 καὶ
499 871 585 936 διαι-
638 869 737 960 (ται);
760 874 866 951 ὄντως
888 874 953 958 γὰρ
973 882 1122 940 τοιοῦτοι

100 977 259 1064 νομένων
288 978 329 1045 V.
369 987 437 1043 τῶν
474 976 585 1062 ἁβρῶς
639 979 674 1044 οἱ
695 980 813 1045 Λυδοί.
845 976 970 1069 καὶτῷ
994 976 1055 1064 (τῶ
1079 1003 1123 1065 m,

101 1085 229 1171 (ἁβρῶν
244 1086 328 1173 emt)
353 1083 584 1169 διαιτωμένων
637 1087 676 1152 τδ
695 1083 837 1175 Weckl.)
864 1081 946 1172 παρ’
968 1084 1122 1173 Ἀνακρό-

99 1190 155 1259 καὶ
188 1197 366 1278 τρυφηλῶς
388 1191 431 1258 Η.
463 1229 507 1239 -
538 1193 583 1258 43
639 1217 713 1259 οντι
749 1191 994 1272 “Λυδοπαθεϊς’
1033 1218 1123 1273 τινες

101 1301 213 1384 ὄχλος]
246 1299 329 1365 όΗ.
357 1336 394 1346 -
421 1293 525 1382 οἵτ’]
550 1299 587 1364 οἱ
638 1297 714 1366 ἀντὶ
742 1309 804 1366 τοῦ
832 1299 1028 1384 ἡδυπαθεϊς.
1065 1299 1122 1367 καὶ

99 1404 210 1473 Λυδοὶ
232 1407 274 1472 Η.
299 1444 340 1454 -
637 1407 675 1472 τὸ
716 1409 982 1492 περιφερόμενον
1023 1407 1122 1492 ’μήτε

637 1537 695 1598 μοι
723 1515 849 1580 Λυδῶν
875 1515 1022 1597 καρύκας
1050 1514 1063 1600 (
1106 1555 1121 1566 -

638 1620 762 1703 ρόκκας
781 1620 829 1706 m)
847 1624 928 1705 μήτε
948 1625 1119 1706 μαστίγων

636 1726 791 1811 υόφουςῖ
811 1725 1121 1814 καὶὸΛυδοφοίτης

637 1829 674 1898 δὲ
688 1834 888 1919 μυροπώλης
905 1835 967 1917 τὴν
985 1835 1120 1919 τρυφὴν

635 1940 760 2024 ταύτην
779 1935 887 2027 (οἶμαι
910 1941 971 2006 τὸν
993 1964 1121 2026 τρυφη-

636 2043 868 2135 τὴνὶοωαερ.)
877 2048 983 2133 δηλοῖ.
993 2045 1048 2114 καὶ
1057 2048 1119 2133 τὴν

636 2154 799 2239 βάκκαριν
820 2151 858 2220 δδ
885 2157 971 2221 ἔνιοι
993 2156 1119 2221 Λυδῶν

97 2263 142 2327 43
166 2261 202 2327 ολ
223 2262 341 2326 διόλου
360 2258 424 2343 τὴν
441 2259 581 2343 ἤπειρον
636 2262 745 2346 μύρον
766 2263 905 2344 ἔφασαν.
934 2298 976 2308 -
1008 2263 1053 2328 43
1086 2261 1123 2326 οἱ

99 2370 270 2445 οἰκοῦντες
315 2364 372 2454 (δι’
420 2365 501 2432 ὅλου
533 2361 581 2452 Η)
636 2368 753 2432 διόλου
765 2368 827 2451 τὴν
836 2368 976 2453 ἤπειρον
987 2368 1119 2434 οἰκοῦν-

98 2473 177 2540 VH.
199 2511 236 2521 -
635 2497 696 2552 τες.
723 2513 760 2522 -

98 2582 143 2647 44
167 2582 296 2648 οἰκοῦσι
306 2579 347 2647 V.
366 2618 402 2628 -
425 2578 582 2654 οὕστινας

100 2686 251 2776 (οὔτινας
291 2685 392 2776 οοδ.),
434 2685 581 2768 Λυδούς,

99 2795 262 2880 ἐξορμῶσι
272 2794 312 2861 V.
335 2795 473 2870 Λυδοὺς
487 2792 527 2857 Η.
539 2831 580 2841 -

99 2898 581 2988 Μητραγαδὴς]όῩ.-45ἡγε-
635 2899 680 2966 45
709 2901 840 2966 διόπται
867 2896 922 2965 καὶ
948 2897 1119 2979 διέποντες

99 3010 215 3094 μόνες,
243 3008 396 3089 ἐπόπται,
428 3007 580 3092 ἐπιτηρη-
635 3005 804 3092 ἡγεμόνες.
831 3045 869 3055 -

98 3113 152 3181 ταὶ
167 3115 209 3182 V.
241 3114 378 3182 ἐπόπται
402 3114 444 3180 Η.
470 3151 508 3161 -
536 3114 581 3179 46

100 3219 215 3307 (immo
234 3222 275 3289 ad
294 3246 324 3292 v.
337 3223 380 3288 48
399 3217 580 3308 pertinens)

100 3327 262 3414 ἐξορμῶσι
300 3330 466 3413 δηλονότι.
517 3327 581 3393 ἀπὸ
655 3330 657 3337 ’

98 3445 215 3502 κοινοῦ
233 3435 274 3502 V.
298 3474 336 3484 -
362 3437 525 3524 Σάρδεις]
549 3435 585 3502 αλ
