<?xml version="1.0" encoding="UTF-8"?>
<!DOCTYPE html PUBLIC "-//W3C//DTD XHTML 1.0 Transitional//EN"
    "http://www.w3.org/TR/xhtml1/DTD/xhtml1-transitional.dtd">
<html xmlns="http://www.w3.org/1999/xhtml" xml:lang="en" lang="en">
 <head>
  <title>
</title>
<meta http-equiv="Content-Type" content="text/html;charset=utf-8" />
  <meta name='ocr-system' content='tesseract 3.04.00' />
  <meta name='ocr-capabilities' content='ocr_page ocr_carea ocr_par ocr_line ocrx_word'/>
</head>
<body>
  <div class='ocr_page' id='page_1' title='image "./scholiainaeschy01dhgoog_0165.png"; bbox 0 0 2430 3856; ppageno 0'>
   <div class='ocr_carea' id='block_1_1' title="bbox 128 189 714 253">
    <p class='ocr_par' dir='ltr' id='par_1_1' title="bbox 128 189 714 253">
     <span class='ocr_line' id='line_1_1' title="bbox 128 189 714 253; baseline -0.003 -9"><span class='ocrx_word' id='word_1_1' title='bbox 128 189 171 253; x_wconf 79' lang='grc'><strong><em>92</em></strong></span> <span class='ocrx_word' id='word_1_2' title='bbox 558 192 714 244; x_wconf 84' lang='lat' dir='ltr'><strong>SCHOLIA</strong></span> 
     </span>
    </p>
   </div>
   <div class='ocr_carea' id='block_1_2' title="bbox 194 349 1146 438">
    <p class='ocr_par' dir='ltr' id='par_1_2' title="bbox 194 349 1146 438">
     <span class='ocr_line' id='line_1_2' title="bbox 194 349 1146 438; baseline 0 -20"><span class='ocrx_word' id='word_1_3' title='bbox 194 355 259 418; x_wconf 78' lang='lat'><strong><em>269</em></strong></span> <span class='ocrx_word' id='word_1_4' title='bbox 272 377 319 438; x_wconf 85' lang='lat' dir='ltr'><strong><em>sq.</em></strong></span> <span class='ocrx_word' id='word_1_5' title='bbox 364 351 420 417; x_wconf 83' lang='grc' dir='ltr'><strong><em>καὶ</em></strong></span> <span class='ocrx_word' id='word_1_6' title='bbox 443 353 509 437; x_wconf 79' lang='grc' dir='ltr'><strong><em>μὴν</em></strong></span> <span class='ocrx_word' id='word_1_7' title='bbox 532 354 648 437; x_wconf 84' lang='grc' dir='ltr'><strong><em>παρών</em></strong></span> <span class='ocrx_word' id='word_1_8' title='bbox 671 375 719 416; x_wconf 80' lang='grc' dir='ltr'><strong><em>πει</em></strong></span> <span class='ocrx_word' id='word_1_9' title='bbox 747 349 802 417; x_wconf 77' lang='grc' dir='ltr'><strong><em>καὶ</em></strong></span> <span class='ocrx_word' id='word_1_10' title='bbox 826 352 893 436; x_wconf 82' lang='grc' dir='ltr'><strong><em>μήν</em></strong></span> <span class='ocrx_word' id='word_1_11' title='bbox 917 351 1016 429; x_wconf 78' lang='grc' dir='ltr'><strong><em>αὐτὸς</em></strong></span> <span class='ocrx_word' id='word_1_12' title='bbox 1039 351 1146 418; x_wconf 72' lang='grc' dir='ltr'><strong><em>ἐκεῖσε</em></strong></span> 
     </span>
    </p>
   </div>
   <div class='ocr_carea' id='block_1_3' title="bbox 128 563 1147 758">
    <p class='ocr_par' dir='ltr' id='par_1_3' title="bbox 128 563 1147 758">
     <span class='ocr_line' id='line_1_3' title="bbox 128 563 1147 654; baseline 0.001 -22"><span class='ocrx_word' id='word_1_13' title='bbox 128 567 277 651; x_wconf 78' lang='grc' dir='ltr'><strong><em>ἀκηκοὼς</em></strong></span> <span class='ocrx_word' id='word_1_14' title='bbox 303 568 467 654; x_wconf 77' lang='grc' dir='ltr'><strong><em>φράσαιμι</em></strong></span> <span class='ocrx_word' id='word_1_15' title='bbox 490 565 546 632; x_wconf 83' lang='grc' dir='ltr'><strong><em>καὶ</em></strong></span> <span class='ocrx_word' id='word_1_16' title='bbox 569 573 693 649; x_wconf 75' lang='grc' dir='ltr'><strong><em>εἴποιμι</em></strong></span> <span class='ocrx_word' id='word_1_17' title='bbox 716 567 769 649; x_wconf 75' lang='grc' dir='ltr'><strong><em>ἄν,</em></strong></span> <span class='ocrx_word' id='word_1_18' title='bbox 801 565 900 632; x_wconf 78' lang='grc' dir='ltr'><strong><em>ὁποῖα</em></strong></span> <span class='ocrx_word' id='word_1_19' title='bbox 928 563 984 630; x_wconf 82' lang='grc' dir='ltr'><strong><em>καὶ</em></strong></span> <span class='ocrx_word' id='word_1_20' title='bbox 1010 569 1147 633; x_wconf 72' lang='grc' dir='ltr'><strong><em>ποδαποὶ</em></strong></span> 
     </span>
     <span class='ocr_line' id='line_1_4' title="bbox 128 671 1023 758; baseline -0.001 -19"><span class='ocrx_word' id='word_1_21' title='bbox 128 676 212 739; x_wconf 79' lang='grc' dir='ltr'><strong><em>κακὰ</em></strong></span> <span class='ocrx_word' id='word_1_22' title='bbox 235 675 429 758; x_wconf 74' lang='grc' dir='ltr'><strong><em>ἐπορσύνθη</em></strong></span> <span class='ocrx_word' id='word_1_23' title='bbox 452 671 507 738; x_wconf 83' lang='grc' dir='ltr'><strong><em>καὶ</em></strong></span> <span class='ocrx_word' id='word_1_24' title='bbox 530 673 779 757; x_wconf 75' lang='grc' dir='ltr'><strong><em>κατεσκευάσθη</em></strong></span> <span class='ocrx_word' id='word_1_25' title='bbox 804 671 859 737; x_wconf 82' lang='grc' dir='ltr'><strong><em>καὶ</em></strong></span> <span class='ocrx_word' id='word_1_26' title='bbox 882 671 1023 756; x_wconf 80' lang='grc' dir='ltr'><strong><em>ἐγένετο.</em></strong></span> 
     </span>
    </p>
   </div>
   <div class='ocr_carea' id='block_1_4' title="bbox 128 811 1147 1026">
    <p class='ocr_par' dir='ltr' id='par_1_4' title="bbox 128 811 1147 1026">
     <span class='ocr_line' id='line_1_5' title="bbox 200 811 1147 884; baseline 0.004 -18"><span class='ocrx_word' id='word_1_27' title='bbox 200 813 315 867; x_wconf 79' lang='lat' dir='ltr'><strong>Initium</strong></span> <span class='ocrx_word' id='word_1_28' title='bbox 333 812 374 866; x_wconf 79' lang='lat' dir='ltr'><strong><em>sie</em></strong></span> <span class='ocrx_word' id='word_1_29' title='bbox 393 813 477 882; x_wconf 85' lang='lat' dir='ltr'>vulgo</span> <span class='ocrx_word' id='word_1_30' title='bbox 493 815 522 866; x_wconf 72' lang='lat' dir='ltr'><strong><em>et</em></strong></span> <span class='ocrx_word' id='word_1_31' title='bbox 535 831 580 883; x_wconf 83' lang='lat' dir='ltr'><strong><em>ap.</em></strong></span> <span class='ocrx_word' id='word_1_32' title='bbox 591 812 656 867; x_wconf 87' lang='lat' dir='ltr'>Dd.:</span> <span class='ocrx_word' id='word_1_33' title='bbox 676 812 725 866; x_wconf 79' lang='grc' dir='ltr'><strong><em>καὶ</em></strong></span> <span class='ocrx_word' id='word_1_34' title='bbox 744 811 812 882; x_wconf 83' lang='grc' dir='ltr'><strong><em>μήν]</em></strong></span> <span class='ocrx_word' id='word_1_35' title='bbox 832 812 917 875; x_wconf 78' lang='grc' dir='ltr'><strong><em>αὐτὸς</em></strong></span> <span class='ocrx_word' id='word_1_36' title='bbox 935 843 969 853; x_wconf 88' lang='grc'><strong>-</strong></span> <span class='ocrx_word' id='word_1_37' title='bbox 981 819 1004 867; x_wconf 76' lang='grc'><strong><em>’2</em></strong></span> <span class='ocrx_word' id='word_1_38' title='bbox 1024 815 1147 884; x_wconf 53' lang='lat' dir='ltr'><strong><em>amovet</em></strong></span> 
     </span>
     <span class='ocr_line' id='line_1_6' title="bbox 128 881 1146 954; baseline 0.001 -15"><span class='ocrx_word' id='word_1_39' title='bbox 128 884 245 953; x_wconf 84' lang='lat' dir='ltr'>vulgoH</span> <span class='ocrx_word' id='word_1_40' title='bbox 265 916 299 926; x_wconf 91' lang='lat'>—</span> <span class='ocrx_word' id='word_1_41' title='bbox 318 883 367 939; x_wconf 84' lang='grc' dir='ltr'><strong><em>καλ</em></strong></span> <span class='ocrx_word' id='word_1_42' title='bbox 386 885 452 938; x_wconf 70' lang='grc' dir='ltr'><strong><em>καλε</em></strong></span> <span class='ocrx_word' id='word_1_43' title='bbox 472 883 509 953; x_wconf 89' lang='grc' dir='ltr'><strong><em>μή</em></strong></span> <span class='ocrx_word' id='word_1_44' title='bbox 534 901 587 939; x_wconf 90' lang='lat' dir='ltr'><strong><em>om.</em></strong></span> <span class='ocrx_word' id='word_1_45' title='bbox 606 885 632 937; x_wconf 95' lang='lat' dir='ltr'>H</span> <span class='ocrx_word' id='word_1_46' title='bbox 652 914 686 924; x_wconf 95' lang='lat'>-</span> <span class='ocrx_word' id='word_1_47' title='bbox 705 892 720 938; x_wconf 87' lang='lat'>3</span> <span class='ocrx_word' id='word_1_48' title='bbox 741 881 881 953; x_wconf 80' lang='grc' dir='ltr'><strong><em>φράσαιμι</em></strong></span> <span class='ocrx_word' id='word_1_49' title='bbox 899 883 949 939; x_wconf 87' lang='grc' dir='ltr'><strong><em>κοιλ</em></strong></span> <span class='ocrx_word' id='word_1_50' title='bbox 968 900 1023 941; x_wconf 86' lang='lat' dir='ltr'><strong><em>om.</em></strong></span> <span class='ocrx_word' id='word_1_51' title='bbox 1039 885 1073 954; x_wconf 90' lang='lat' dir='ltr'><strong><em>V,</em></strong></span> <span class='ocrx_word' id='word_1_52' title='bbox 1096 886 1146 940; x_wconf 81' lang='grc' dir='ltr'><strong><em>κοιλ</em></strong></span> 
     </span>
     <span class='ocr_line' id='line_1_7' title="bbox 129 953 740 1026; baseline -0.005 -16"><span class='ocrx_word' id='word_1_53' title='bbox 129 957 236 1026; x_wconf 75' lang='grc' dir='ltr'><strong><em>εἴποιμι</em></strong></span> <span class='ocrx_word' id='word_1_54' title='bbox 255 973 309 1010; x_wconf 87' lang='lat' dir='ltr'><strong><em>om.</em></strong></span> <span class='ocrx_word' id='word_1_55' title='bbox 327 956 380 1010; x_wconf 90' lang='lat' dir='ltr'><strong><em>Dd.</em></strong></span> <span class='ocrx_word' id='word_1_56' title='bbox 400 987 434 995; x_wconf 98' lang='lat'>-</span> <span class='ocrx_word' id='word_1_57' title='bbox 454 954 539 1010; x_wconf 87' lang='grc' dir='ltr'><strong><em>ὁποῖα</em></strong></span> <span class='ocrx_word' id='word_1_58' title='bbox 558 955 589 1026; x_wconf 90' lang='lat'><strong><em>0,</em></strong></span> <span class='ocrx_word' id='word_1_59' title='bbox 609 953 656 1010; x_wconf 82' lang='grc' dir='ltr'><strong><em>οἷα</em></strong></span> <span class='ocrx_word' id='word_1_60' title='bbox 675 957 740 1008; x_wconf 58' lang='lat' dir='ltr'><strong><em>cest.</em></strong></span> 
     </span>
    </p>
   </div>
   <div class='ocr_carea' id='block_1_5' title="bbox 103 1098 1147 1758">
    <p class='ocr_par' dir='ltr' id='par_1_5' title="bbox 129 1098 1147 1506">
     <span class='ocr_line' id='line_1_8' title="bbox 196 1098 1146 1186; baseline 0.002 -22"><span class='ocrx_word' id='word_1_61' title='bbox 196 1102 259 1166; x_wconf 79' lang='lat'><strong><em>271</em></strong></span> <span class='ocrx_word' id='word_1_62' title='bbox 273 1123 342 1186; x_wconf 90' lang='lat' dir='ltr'><strong>sqq.</strong></span> <span class='ocrx_word' id='word_1_63' title='bbox 388 1098 516 1166; x_wconf 81' lang='grc' dir='ltr'><strong><em>ὀιτοτοὶ</em></strong></span> <span class='ocrx_word' id='word_1_64' title='bbox 548 1101 668 1185; x_wconf 78' lang='grc' dir='ltr'><strong><em>μάνηνε</em></strong></span> <span class='ocrx_word' id='word_1_65' title='bbox 707 1109 788 1184; x_wconf 80' lang='grc' dir='ltr'><strong><em>φεῦ,</em></strong></span> <span class='ocrx_word' id='word_1_66' title='bbox 825 1100 933 1184; x_wconf 80' lang='grc' dir='ltr'><strong><em>μάνην</em></strong></span> <span class='ocrx_word' id='word_1_67' title='bbox 965 1101 1006 1166; x_wconf 80' lang='grc' dir='ltr'><strong><em>τὰ</em></strong></span> <span class='ocrx_word' id='word_1_68' title='bbox 1037 1103 1146 1166; x_wconf 81' lang='grc' dir='ltr'><strong><em>πολλὰ</em></strong></span> 
     </span>
     <span class='ocr_line' id='line_1_9' title="bbox 129 1205 1147 1292; baseline 0.001 -21"><span class='ocrx_word' id='word_1_69' title='bbox 129 1205 209 1291; x_wconf 82' lang='grc' dir='ltr'><strong><em>βέλη</em></strong></span> <span class='ocrx_word' id='word_1_70' title='bbox 232 1207 272 1272; x_wconf 77' lang='grc' dir='ltr'><strong><em>τολ</em></strong></span> <span class='ocrx_word' id='word_1_71' title='bbox 294 1216 445 1292; x_wconf 80' lang='grc' dir='ltr'><em>παμμιγῆ</em></span> <span class='ocrx_word' id='word_1_72' title='bbox 469 1206 524 1272; x_wconf 82' lang='grc' dir='ltr'><strong><em>καλ</em></strong></span> <span class='ocrx_word' id='word_1_73' title='bbox 548 1209 588 1272; x_wconf 78' lang='grc' dir='ltr'><strong><em>τὰ</em></strong></span> <span class='ocrx_word' id='word_1_74' title='bbox 612 1208 647 1272; x_wconf 80' lang='grc' dir='ltr'><strong><em>ἐκ</em></strong></span> <span class='ocrx_word' id='word_1_75' title='bbox 671 1209 846 1292; x_wconf 75' lang='grc' dir='ltr'><strong><em>διαφόρων</em></strong></span> <span class='ocrx_word' id='word_1_76' title='bbox 869 1207 984 1283; x_wconf 78' lang='grc' dir='ltr'><strong><em>ἐθνῶν</em></strong></span> <span class='ocrx_word' id='word_1_77' title='bbox 1003 1206 1067 1273; x_wconf 79' lang='grc' dir='ltr'><strong><em>ἀπὸ</em></strong></span> <span class='ocrx_word' id='word_1_78' title='bbox 1088 1216 1147 1291; x_wconf 77' lang='grc' dir='ltr'><strong><em>τῆς</em></strong></span> 
     </span>
     <span class='ocr_line' id='line_1_10' title="bbox 129 1309 1146 1399; baseline 0.002 -21"><span class='ocrx_word' id='word_1_79' title='bbox 129 1319 296 1399; x_wconf 76' lang='grc' dir='ltr'><strong><em>Περσικῆς</em></strong></span> <span class='ocrx_word' id='word_1_80' title='bbox 325 1322 386 1398; x_wconf 76' lang='grc' dir='ltr'><strong><em>γῆς</em></strong></span> <span class='ocrx_word' id='word_1_81' title='bbox 415 1309 522 1397; x_wconf 76' lang='grc' dir='ltr'><strong><em>ἦλθεν</em></strong></span> <span class='ocrx_word' id='word_1_82' title='bbox 552 1313 606 1380; x_wconf 78' lang='grc' dir='ltr'><strong><em>ἐπὶ</em></strong></span> <span class='ocrx_word' id='word_1_83' title='bbox 634 1323 698 1398; x_wconf 75' lang='grc' dir='ltr'><strong><em>γῆν</em></strong></span> <span class='ocrx_word' id='word_1_84' title='bbox 729 1316 806 1378; x_wconf 75' lang='grc' dir='ltr'><strong><em>δίαν</em></strong></span> <span class='ocrx_word' id='word_1_85' title='bbox 835 1311 891 1378; x_wconf 78' lang='grc' dir='ltr'><strong><em>καὶ</em></strong></span> <span class='ocrx_word' id='word_1_86' title='bbox 921 1313 1062 1393; x_wconf 77' lang='grc' dir='ltr'><strong><em>ἔνδοξον</em></strong></span> <span class='ocrx_word' id='word_1_87' title='bbox 1090 1314 1146 1380; x_wconf 80' lang='grc' dir='ltr'><strong><em>καὶ</em></strong></span> 
     </span>
     <span class='ocr_line' id='line_1_11' title="bbox 129 1415 1146 1506; baseline 0.001 -21"><span class='ocrx_word' id='word_1_88' title='bbox 129 1421 293 1505; x_wconf 78' lang='grc' dir='ltr'><strong><em>λαμπράν.</em></strong></span> <span class='ocrx_word' id='word_1_89' title='bbox 343 1415 412 1485; x_wconf 82' lang='grc' dir='ltr'><strong><em>εἶτα</em></strong></span> <span class='ocrx_word' id='word_1_90' title='bbox 447 1419 695 1505; x_wconf 80' lang='grc' dir='ltr'><strong><em>ἐφερμιγνεύων,</em></strong></span> <span class='ocrx_word' id='word_1_91' title='bbox 732 1423 782 1497; x_wconf 79' lang='grc' dir='ltr'><strong><em>τίς</em></strong></span> <span class='ocrx_word' id='word_1_92' title='bbox 813 1416 856 1504; x_wconf 81' lang='grc' dir='ltr'><strong><em>ήν</em></strong></span> <span class='ocrx_word' id='word_1_93' title='bbox 889 1420 909 1504; x_wconf 79' lang='grc' dir='ltr'><strong><em>ἡ</em></strong></span> <span class='ocrx_word' id='word_1_94' title='bbox 943 1430 986 1506; x_wconf 77' lang='grc' dir='ltr'><strong><em>γῆ</em></strong></span> <span class='ocrx_word' id='word_1_95' title='bbox 1023 1419 1146 1505; x_wconf 77' lang='grc' dir='ltr'><strong><em>ἐκείνη,</em></strong></span> 
     </span>
    </p>

    <p class='ocr_par' dir='ltr' id='par_1_6' title="bbox 103 1523 1145 1758">
     <span class='ocr_line' id='line_1_12' title="bbox 103 1523 1144 1614; baseline 0.002 -22"><span class='ocrx_word' id='word_1_96' title='bbox 103 1525 212 1611; x_wconf 71' lang='grc' dir='ltr'><strong><em>ὁφήσὶ</em></strong></span> <span class='ocrx_word' id='word_1_97' title='bbox 239 1530 351 1614; x_wconf 84' lang='grc' dir='ltr'><strong><em>χώραν</em></strong></span> <span class='ocrx_word' id='word_1_98' title='bbox 376 1523 528 1593; x_wconf 79' lang='grc' dir='ltr'><strong><em>Ἑλλάδα.</em></strong></span> <span class='ocrx_word' id='word_1_99' title='bbox 573 1526 662 1611; x_wconf 81' lang='grc' dir='ltr'><strong><em>λέγει</em></strong></span> <span class='ocrx_word' id='word_1_100' title='bbox 691 1523 727 1592; x_wconf 73' lang='grc' dir='ltr'><strong><em>δὲ</em></strong></span> <span class='ocrx_word' id='word_1_101' title='bbox 754 1529 812 1605; x_wconf 80' lang='grc' dir='ltr'><strong><em>τὰς</em></strong></span> <span class='ocrx_word' id='word_1_102' title='bbox 835 1524 987 1611; x_wconf 75' lang='grc' dir='ltr'><strong><em>Ἀθήνας.</em></strong></span> <span class='ocrx_word' id='word_1_103' title='bbox 1034 1528 1144 1594; x_wconf 93' lang='lat' dir='ltr'>PVH.</span> 
     </span>
     <span class='ocr_line' id='line_1_13' title="bbox 200 1681 1145 1758; baseline 0.002 -19"><span class='ocrx_word' id='word_1_104' title='bbox 200 1684 319 1758; x_wconf 69' lang='grc' dir='ltr'><strong><em>ῶβὲλεα</em></strong></span> <span class='ocrx_word' id='word_1_105' title='bbox 337 1685 386 1739; x_wconf 85' lang='grc' dir='ltr'><strong><em>κοιλ</em></strong></span> <span class='ocrx_word' id='word_1_106' title='bbox 405 1683 471 1758; x_wconf 85' lang='grc' dir='ltr'><strong><em>βέλη</em></strong></span> <span class='ocrx_word' id='word_1_107' title='bbox 490 1685 517 1738; x_wconf 93' lang='grc' dir='ltr'>Η</span> <span class='ocrx_word' id='word_1_108' title='bbox 550 1717 583 1726; x_wconf 91' lang='lat'>-</span> <span class='ocrx_word' id='word_1_109' title='bbox 616 1686 730 1755; x_wconf 77' lang='grc' dir='ltr'><strong><em>ἀνδρῶν</em></strong></span> <span class='ocrx_word' id='word_1_110' title='bbox 748 1702 799 1755; x_wconf 83' lang='lat' dir='ltr'><strong><em>pro</em></strong></span> <span class='ocrx_word' id='word_1_111' title='bbox 819 1681 914 1740; x_wconf 80' lang='grc' dir='ltr'><strong><em>ἐθνῶν</em></strong></span> <span class='ocrx_word' id='word_1_112' title='bbox 932 1685 986 1740; x_wconf 86' lang='lat' dir='ltr'><strong><em>Dd.</em></strong></span> <span class='ocrx_word' id='word_1_113' title='bbox 1022 1717 1054 1726; x_wconf 84' lang='lat'><em>-</em></span> <span class='ocrx_word' id='word_1_114' title='bbox 1088 1685 1145 1741; x_wconf 81' lang='grc' dir='ltr'><strong><em>ἀπὸ</em></strong></span> 
     </span>
    </p>
   </div>
   <div class='ocr_carea' id='block_1_6' title="bbox 128 1750 1146 1898">
    <p class='ocr_par' dir='ltr' id='par_1_7' title="bbox 128 1750 1146 1898">
     <span class='ocr_line' id='line_1_14' title="bbox 128 1750 1146 1827; baseline 0.001 -16"><span class='ocrx_word' id='word_1_115' title='bbox 128 1764 177 1826; x_wconf 82' lang='grc' dir='ltr'><strong><em>τῆς</em></strong></span> <span class='ocrx_word' id='word_1_116' title='bbox 195 1765 250 1813; x_wconf 81' lang='grc' dir='ltr'><strong><em>τῶν</em></strong></span> <span class='ocrx_word' id='word_1_117' title='bbox 269 1760 386 1826; x_wconf 87' lang='grc' dir='ltr'><strong><em>Περσῶν</em></strong></span> <span class='ocrx_word' id='word_1_118' title='bbox 405 1765 455 1827; x_wconf 75' lang='grc' dir='ltr'><strong><em>γῆς</em></strong></span> <span class='ocrx_word' id='word_1_119' title='bbox 474 1757 499 1812; x_wconf 90' lang='lat' dir='ltr'>V</span> <span class='ocrx_word' id='word_1_120' title='bbox 518 1788 552 1797; x_wconf 96' lang='lat'>—</span> <span class='ocrx_word' id='word_1_121' title='bbox 571 1765 587 1812; x_wconf 87' lang='grc'><strong>3</strong></span> <span class='ocrx_word' id='word_1_122' title='bbox 608 1750 697 1825; x_wconf 75' lang='grc' dir='ltr'><strong><em>ἦλθον</em></strong></span> <span class='ocrx_word' id='word_1_123' title='bbox 716 1757 768 1810; x_wconf 88' lang='lat' dir='ltr'><strong><em>Dd.</em></strong></span> <span class='ocrx_word' id='word_1_124' title='bbox 787 1789 824 1797; x_wconf 95' lang='lat'><em>-</em></span> <span class='ocrx_word' id='word_1_125' title='bbox 842 1759 947 1812; x_wconf 67' lang='grc' dir='ltr'><strong><em>θῖανν</em></strong></span> <span class='ocrx_word' id='word_1_126' title='bbox 966 1788 1001 1797; x_wconf 92' lang='grc'>-</span> <span class='ocrx_word' id='word_1_127' title='bbox 1021 1764 1037 1812; x_wconf 83' lang='lat'><strong>5</strong></span> <span class='ocrx_word' id='word_1_128' title='bbox 1057 1757 1146 1827; x_wconf 73' lang='grc' dir='ltr'><strong><em>φησὶν</em></strong></span> 
     </span>
     <span class='ocr_line' id='line_1_15' title="bbox 130 1825 984 1898; baseline -0.001 -16"><span class='ocrx_word' id='word_1_129' title='bbox 130 1827 144 1882; x_wconf 86' lang='grc' dir='ltr'><em>ὁ</em></span> <span class='ocrx_word' id='word_1_130' title='bbox 164 1830 246 1898; x_wconf 80' lang='grc' dir='ltr'><strong><em>χορὸς</em></strong></span> <span class='ocrx_word' id='word_1_131' title='bbox 260 1827 332 1884; x_wconf 84' lang='grc' dir='ltr'><strong><em>Ἓλλ.</em></strong></span> <span class='ocrx_word' id='word_1_132' title='bbox 350 1830 373 1882; x_wconf 95' lang='lat' dir='ltr'>V</span> <span class='ocrx_word' id='word_1_133' title='bbox 393 1859 427 1870; x_wconf 91' lang='lat'>-</span> <span class='ocrx_word' id='word_1_134' title='bbox 447 1827 517 1895; x_wconf 78' lang='grc' dir='ltr'><strong><em>φησὶ</em></strong></span> <span class='ocrx_word' id='word_1_135' title='bbox 536 1825 567 1883; x_wconf 70' lang='grc' dir='ltr'><strong><em>δὲ</em></strong></span> <span class='ocrx_word' id='word_1_136' title='bbox 588 1827 620 1897; x_wconf 80' lang='grc' dir='ltr'><strong><em>Η,</em></strong></span> <span class='ocrx_word' id='word_1_137' title='bbox 640 1826 759 1898; x_wconf 83' lang='grc' dir='ltr'><strong><em>λέγουσι,</em></strong></span> <span class='ocrx_word' id='word_1_138' title='bbox 779 1825 810 1882; x_wconf 71' lang='grc' dir='ltr'><strong><em>δὲ</em></strong></span> <span class='ocrx_word' id='word_1_139' title='bbox 830 1829 944 1898; x_wconf 77' lang='lat' dir='ltr'>omisso,</span> <span class='ocrx_word' id='word_1_140' title='bbox 958 1827 984 1881; x_wconf 94' lang='lat' dir='ltr'>V</span> 
     </span>
    </p>
   </div>
   <div class='ocr_carea' id='block_1_7' title="bbox 129 2323 1147 2626">
    <p class='ocr_par' dir='ltr' id='par_1_8' title="bbox 129 2323 1147 2626">
     <span class='ocr_line' id='line_1_16' title="bbox 198 2323 1147 2412; baseline 0.002 -20"><span class='ocrx_word' id='word_1_141' title='bbox 198 2327 263 2392; x_wconf 78' lang='lat'><strong><em>275</em></strong></span> <span class='ocrx_word' id='word_1_142' title='bbox 308 2330 479 2412; x_wconf 76' lang='grc' dir='ltr'><strong><em>πλήθουσι</em></strong></span> <span class='ocrx_word' id='word_1_143' title='bbox 501 2337 643 2412; x_wconf 78' lang='grc' dir='ltr'><strong><em>νεκρῶνε</em></strong></span> <span class='ocrx_word' id='word_1_144' title='bbox 686 2326 723 2391; x_wconf 84' lang='grc' dir='ltr'><strong><em>αλ</em></strong></span> <span class='ocrx_word' id='word_1_145' title='bbox 744 2323 838 2391; x_wconf 76' lang='grc' dir='ltr'><strong><em>ἀκταὶ</em></strong></span> <span class='ocrx_word' id='word_1_146' title='bbox 861 2324 917 2392; x_wconf 84' lang='grc' dir='ltr'><strong><em>καὶ</em></strong></span> <span class='ocrx_word' id='word_1_147' title='bbox 941 2326 976 2392; x_wconf 83' lang='grc' dir='ltr'><strong><em>ολ</em></strong></span> <span class='ocrx_word' id='word_1_148' title='bbox 999 2327 1147 2410; x_wconf 78' lang='grc' dir='ltr'><strong><em>αἰγιαλοὶ</em></strong></span> 
     </span>
     <span class='ocr_line' id='line_1_17' title="bbox 129 2431 1146 2520; baseline 0.002 -22"><span class='ocrx_word' id='word_1_149' title='bbox 129 2443 187 2518; x_wconf 81' lang='grc' dir='ltr'><strong><em>τῆς</em></strong></span> <span class='ocrx_word' id='word_1_150' title='bbox 206 2439 398 2518; x_wconf 79' lang='grc' dir='ltr'><strong><em>Σαλαμῖνος</em></strong></span> <span class='ocrx_word' id='word_1_151' title='bbox 415 2437 585 2518; x_wconf 73' lang='grc' dir='ltr'><strong><em>πλήθουσι</em></strong></span> <span class='ocrx_word' id='word_1_152' title='bbox 603 2431 658 2499; x_wconf 82' lang='grc' dir='ltr'><strong><em>καὶ</em></strong></span> <span class='ocrx_word' id='word_1_153' title='bbox 677 2431 816 2518; x_wconf 80' lang='grc' dir='ltr'><strong><em>γέμουσι</em></strong></span> <span class='ocrx_word' id='word_1_154' title='bbox 834 2444 964 2516; x_wconf 79' lang='grc' dir='ltr'><strong><em>νεκρῶν</em></strong></span> <span class='ocrx_word' id='word_1_155' title='bbox 981 2434 1146 2520; x_wconf 79' lang='grc' dir='ltr'><strong><em>διεφθαρ-</em></strong></span> 
     </span>
     <span class='ocr_line' id='line_1_18' title="bbox 130 2540 664 2626; baseline -0.002 -20"><span class='ocrx_word' id='word_1_156' title='bbox 130 2540 240 2626; x_wconf 82' lang='grc' dir='ltr'><strong><em>μένων</em></strong></span> <span class='ocrx_word' id='word_1_157' title='bbox 263 2543 509 2619; x_wconf 76' lang='grc' dir='ltr'><strong><em>κακοθανολτως.</em></strong></span> <span class='ocrx_word' id='word_1_158' title='bbox 555 2541 664 2606; x_wconf 91' lang='lat' dir='ltr'><strong>PVH.</strong></span> 
     </span>
    </p>
   </div>
   <div class='ocr_carea' id='block_1_8' title="bbox 129 2678 1147 3035">
    <p class='ocr_par' dir='ltr' id='par_1_9' title="bbox 129 2678 1147 3035">
     <span class='ocr_line' id='line_1_19' title="bbox 202 2678 1147 2750; baseline 0.005 -17"><span class='ocrx_word' id='word_1_159' title='bbox 202 2685 216 2733; x_wconf 92' lang='lat'>1</span> <span class='ocrx_word' id='word_1_160' title='bbox 232 2679 344 2747; x_wconf 77' lang='lat' dir='ltr'><strong>lemma,</strong></span> <span class='ocrx_word' id='word_1_161' title='bbox 363 2681 436 2748; x_wconf 88' lang='lat' dir='ltr'>quod</span> <span class='ocrx_word' id='word_1_162' title='bbox 455 2697 513 2734; x_wconf 91' lang='lat' dir='ltr'><strong><em>non</em></strong></span> <span class='ocrx_word' id='word_1_163' title='bbox 533 2679 742 2750; x_wconf 76' lang='lat' dir='ltr'><strong>praebentVP,</strong></span> <span class='ocrx_word' id='word_1_164' title='bbox 757 2679 797 2732; x_wconf 81' lang='lat' dir='ltr'><strong><em>sic</em></strong></span> <span class='ocrx_word' id='word_1_165' title='bbox 811 2678 918 2749; x_wconf 75' lang='lat' dir='ltr'>legitur</span> <span class='ocrx_word' id='word_1_166' title='bbox 931 2680 961 2734; x_wconf 92' lang='lat' dir='ltr'><strong><em>in</em></strong></span> <span class='ocrx_word' id='word_1_167' title='bbox 971 2681 1008 2736; x_wconf 87' lang='lat' dir='ltr'><strong><em>H:</em></strong></span> <span class='ocrx_word' id='word_1_168' title='bbox 1023 2679 1147 2748; x_wconf 84' lang='grc' dir='ltr'><strong><em>πλήθεσι</em></strong></span> 
     </span>
     <span class='ocr_line' id='line_1_20' title="bbox 130 2750 1145 2824; baseline -0.001 -17"><span class='ocrx_word' id='word_1_169' title='bbox 130 2759 238 2820; x_wconf 85' lang='grc' dir='ltr'><strong><em>νεκρῶν</em></strong></span> <span class='ocrx_word' id='word_1_170' title='bbox 252 2751 403 2805; x_wconf 81' lang='grc' dir='ltr'><strong><em>ὀιτοιοίιοι</em></strong></span> <span class='ocrx_word' id='word_1_171' title='bbox 417 2752 519 2818; x_wconf 75' lang='grc' dir='ltr'><strong><em>φίλωνι</em></strong></span> <span class='ocrx_word' id='word_1_172' title='bbox 538 2750 660 2819; x_wconf 81' lang='grc' dir='ltr'><strong><em>πλήθεσι</em></strong></span> <span class='ocrx_word' id='word_1_173' title='bbox 675 2757 783 2820; x_wconf 87' lang='grc' dir='ltr'><strong><em>νεκρῶν</em></strong></span> <span class='ocrx_word' id='word_1_174' title='bbox 802 2781 835 2790; x_wconf 97' lang='grc'><strong>-</strong></span> <span class='ocrx_word' id='word_1_175' title='bbox 855 2751 905 2805; x_wconf 87' lang='grc' dir='ltr'><strong><em>καλ</em></strong></span> <span class='ocrx_word' id='word_1_176' title='bbox 924 2751 1047 2824; x_wconf 75' lang='grc' dir='ltr'><strong><em>αἰγιαλοὶ</em></strong></span> <span class='ocrx_word' id='word_1_177' title='bbox 1065 2752 1092 2806; x_wconf 94' lang='grc' dir='ltr'><strong>Η</strong></span> <span class='ocrx_word' id='word_1_178' title='bbox 1112 2785 1145 2794; x_wconf 96' lang='grc'>-</span> 
     </span>
     <span class='ocr_line' id='line_1_21' title="bbox 132 2819 1145 2893; baseline 0.003 -17"><span class='ocrx_word' id='word_1_179' title='bbox 132 2829 147 2876; x_wconf 82' lang='lat'>2</span> <span class='ocrx_word' id='word_1_180' title='bbox 166 2821 309 2888; x_wconf 88' lang='grc' dir='ltr'><strong><em>πλήθουσι</em></strong></span> <span class='ocrx_word' id='word_1_181' title='bbox 331 2829 380 2891; x_wconf 82' lang='grc' dir='ltr'><strong><em>τῆς</em></strong></span> <span class='ocrx_word' id='word_1_182' title='bbox 398 2825 560 2892; x_wconf 83' lang='grc' dir='ltr'><strong><em>Σαλαμῖνος</em></strong></span> <span class='ocrx_word' id='word_1_183' title='bbox 582 2825 646 2893; x_wconf 87' lang='lat' dir='ltr'><strong>(om.</strong></span> <span class='ocrx_word' id='word_1_184' title='bbox 665 2821 713 2876; x_wconf 83' lang='grc' dir='ltr'><strong><em>κοιλ</em></strong></span> <span class='ocrx_word' id='word_1_185' title='bbox 737 2819 863 2891; x_wconf 81' lang='grc' dir='ltr'><strong><em>γέμουσι)</em></strong></span> <span class='ocrx_word' id='word_1_186' title='bbox 884 2824 916 2890; x_wconf 90' lang='lat' dir='ltr'><strong><em>V,</em></strong></span> <span class='ocrx_word' id='word_1_187' title='bbox 949 2823 1145 2892; x_wconf 88' lang='grc' dir='ltr'><strong><em>πλήθουσι..</em></strong></span> 
     </span>
     <span class='ocr_line' id='line_1_22' title="bbox 129 2893 1145 2963; baseline 0.002 -15"><span class='ocrx_word' id='word_1_188' title='bbox 129 2901 238 2963; x_wconf 85' lang='grc' dir='ltr'><strong><em>νεκρῶν</em></strong></span> <span class='ocrx_word' id='word_1_189' title='bbox 258 2909 311 2946; x_wconf 88' lang='lat' dir='ltr'><strong><em>om.</em></strong></span> <span class='ocrx_word' id='word_1_190' title='bbox 331 2893 357 2945; x_wconf 92' lang='lat' dir='ltr'>H</span> <span class='ocrx_word' id='word_1_191' title='bbox 387 2925 419 2933; x_wconf 96' lang='lat'>—</span> <span class='ocrx_word' id='word_1_192' title='bbox 448 2893 735 2949; x_wconf 59' lang='grc' dir='ltr'><strong><em>θκοικοθανολτιινλ7</em></strong></span> <span class='ocrx_word' id='word_1_193' title='bbox 761 2924 794 2933; x_wconf 90' lang='grc'><strong><em>--</em></strong></span> <span class='ocrx_word' id='word_1_194' title='bbox 823 2895 875 2947; x_wconf 90' lang='lat' dir='ltr'><strong><em>Dd.</em></strong></span> <span class='ocrx_word' id='word_1_195' title='bbox 895 2911 929 2948; x_wconf 83' lang='lat' dir='ltr'><strong><em>ex</em></strong></span> <span class='ocrx_word' id='word_1_196' title='bbox 949 2898 970 2950; x_wconf 90' lang='lat' dir='ltr'>P</span> <span class='ocrx_word' id='word_1_197' title='bbox 989 2894 1067 2950; x_wconf 64' lang='grc' dir='ltr'><strong><em>καλῶς</em></strong></span> <span class='ocrx_word' id='word_1_198' title='bbox 1096 2895 1145 2950; x_wconf 78' lang='grc' dir='ltr'><strong><em>καλ</em></strong></span> 
     </span>
     <span class='ocr_line' id='line_1_23' title="bbox 129 2962 657 3035; baseline 0 -17"><span class='ocrx_word' id='word_1_199' title='bbox 129 2973 185 3028; x_wconf 81' lang='grc' dir='ltr'><strong><em>πῶς</em></strong></span> <span class='ocrx_word' id='word_1_200' title='bbox 203 2962 364 3034; x_wconf 77' lang='grc' dir='ltr'><strong><em>πρόσχωρος</em></strong></span> <span class='ocrx_word' id='word_1_201' title='bbox 382 2964 431 3018; x_wconf 83' lang='grc' dir='ltr'><strong><em>κοιλ</em></strong></span> <span class='ocrx_word' id='word_1_202' title='bbox 449 2967 548 3035; x_wconf 82' lang='grc' dir='ltr'><strong><em>γείτων</em></strong></span> <span class='ocrx_word' id='word_1_203' title='bbox 566 2963 657 3028; x_wconf 82' lang='grc' dir='ltr'><strong><em>τόπος.</em></strong></span> 
     </span>
    </p>
   </div>
   <div class='ocr_carea' id='block_1_9' title="bbox 200 3199 1076 3285">
    <p class='ocr_par' dir='ltr' id='par_1_10' title="bbox 200 3199 1076 3285">
     <span class='ocr_line' id='line_1_24' title="bbox 200 3199 1076 3285; baseline -0.002 -21"><span class='ocrx_word' id='word_1_204' title='bbox 200 3200 277 3279; x_wconf 79' lang='grc'>[276</span> <span class='ocrx_word' id='word_1_205' title='bbox 324 3224 375 3284; x_wconf 89' lang='grc' dir='ltr'><strong><em>γρ.</em></strong></span> <span class='ocrx_word' id='word_1_206' title='bbox 398 3201 593 3285; x_wconf 79' lang='grc' dir='ltr'><strong><em>πρόσχωρος</em></strong></span> <span class='ocrx_word' id='word_1_207' title='bbox 615 3200 722 3282; x_wconf 87' lang='grc' dir='ltr'><strong><em>ήγουν</em></strong></span> <span class='ocrx_word' id='word_1_208' title='bbox 744 3202 981 3285; x_wconf 79' lang='grc' dir='ltr'><strong><em>πλησιόχωρος.</em></strong></span> <span class='ocrx_word' id='word_1_209' title='bbox 1028 3199 1076 3281; x_wconf 89' lang='grc' dir='ltr'><strong><em>Ρ.]</em></strong></span> 
     </span>
    </p>
   </div>
   <div class='ocr_carea' id='block_1_10' title="bbox 0 0 1221 3856">
    <p class='ocr_par' dir='ltr' id='par_1_11' title="bbox 0 0 1221 3856">
     <span class='ocr_line' id='line_1_25' title="bbox 0 0 1221 3856; baseline 0 0"><span class='ocrx_word' id='word_1_210' title='bbox 0 0 1221 3856; x_wconf 95' lang='lat' dir='ltr'><strong><em> </em></strong></span> 
     </span>
    </p>
   </div>
  </div>
 </body>
</html>
