2430 3856
127 187 195 239 VIII
530 187 740 240 PRAEFATIO.

129 348 243 413 eodem
263 347 438 432 archetypo
458 349 622 432 profectos
641 370 720 413 esse.
757 347 841 414 Vide
866 353 1004 415 stemma
1022 374 1052 436 p.
1066 349 1145 416 XIV

127 454 279 539 positum.

195 563 277 627 Tum
302 561 472 626 dicendum
497 563 558 626 erit
581 561 620 626 de
643 563 849 649 glossematis
874 564 1020 630 codicum
1039 587 1146 630 recen·
1182 611 1184 616 ,

129 669 249 734 tiorum
273 668 545 735 interlinearibus.
587 669 676 746 Quae
696 691 735 733 ex
759 669 881 734 eisdem
901 671 1043 753 scholiis,
1066 694 1145 757 quo-

128 798 202 841 rum
232 779 359 860 partem
386 775 550 843 Mediceus
579 777 736 859 continet,
768 777 898 842 fluxisse
927 800 999 843 cum
1028 799 1145 862 cogno-

128 885 222 967 veris,
240 882 405 948 firmatam
417 882 557 948 habebis
575 883 666 948 illam
686 884 724 948 de
744 883 921 970 archetypo
941 885 1145 949 sententiam.

129 988 301 1055 Praeterea
317 990 504 1074 opinionem
513 1012 691 1075 paucorum
700 989 868 1056 hominum
880 992 1051 1056 doctorum
1062 1013 1146 1055 com·

129 1096 286 1181 probab0,
309 1097 364 1180 qui
387 1097 512 1162 scholia
536 1097 724 1182 Byzantina,
752 1119 834 1183 quae
858 1099 956 1184 vulgo
981 1098 1011 1162 A
1035 1098 1146 1182 appel-

128 1204 249 1287 lantur,
271 1225 338 1269 non
361 1203 533 1269 eMedicei
557 1204 689 1270 scholiis
714 1205 912 1288 amplificata
935 1227 1005 1270 esse
1024 1209 1147 1270 statue-

128 1314 218 1390 runt,
252 1311 308 1376 sed
341 1311 505 1376 continere
537 1314 700 1377 vetustam
733 1312 913 1376 doctrinam
946 1312 1094 1396 quamvis
1127 1334 1147 1374 a

129 1418 310 1483 recentiore
335 1419 558 1504 grammatico,
584 1419 640 1504 qui
663 1419 931 1484 commentarium
954 1418 1022 1482 fere
1045 1418 1146 1482 conti·

129 1547 230 1590 nuum
264 1525 418 1609 confecit,
450 1524 671 1610 depravatam.
721 1523 923 1610 Byzantinus
956 1525 1042 1589 enim
1072 1546 1147 1606 apo·

130 1632 279 1719 graphon
308 1632 475 1718 archetypi
506 1632 668 1718 adhibuit,
698 1632 785 1717 quod
813 1632 880 1696 eius
909 1631 1033 1697 scholia
1061 1653 1146 1696 com-

128 1740 343 1828 plectebatur.

200 1846 263 1914 Sed
295 1849 486 1933 priusquam
515 1847 647 1912 adrem
679 1846 882 1932 accedamus,
915 1847 954 1911 de
982 1846 1147 1912 codicibus

131 1957 289 2041 siglisque
312 1955 469 2019 adhibitis
492 1976 597 2037 pauca
619 1953 856 2037 praemittenda
879 1957 964 2018 sunt.

199 2060 248 2125 De
286 2059 394 2124 codice
427 2058 570 2123 Mediceo
605 2058 667 2143 (n)
701 2060 833 2142 eiusque
866 2061 1046 2123 correctore
1080 2057 1146 2142 (m)

130 2169 205 2234 vide
229 2166 303 2231 edit.
325 2165 451 2231 Weckl.
473 2189 504 2250 p.
523 2164 612 2229 XIV.
662 2170 667 2177 '

199 2273 245 2339 V:
273 2272 342 2339 cod.
364 2271 629 2338 Vindobonensis
661 2272 721 2335 197
752 2271 955 2356 chartaceus,
986 2272 1051 2338 fine
1080 2294 1147 2336 sae·

134 2382 199 2448 culi
221 2378 300 2446 XIV
323 2381 375 2444 vel
402 2379 498 2444 initio
520 2376 583 2443 XV
608 2379 748 2462 scriptus
769 2378 869 2441 -de
892 2381 1038 2462 tempore
1061 2378 1149 2443 infra

137 2489 321 2555 accuratius
354 2487 477 2552 dicetur
503 2523 557 2566 -,
591 2485 757 2550 continens
786 2484 952 2570 Euripidis
979 2483 1149 2551 Hecubam

134 2595 284 2662 Orestam
309 2594 505 2660 Phoenissae
530 2597 562 2657 et
585 2592 740 2678 Aeschyli
762 2591 992 2658 Prometheum
1016 2590 1148 2677 Septem

135 2703 261 2768 Persas.
298 2701 388 2778 Quae
404 2700 561 2784 Aeschyli
579 2699 765 2786 tragoedias
786 2699 917 2764 exhibet
935 2722 1011 2784 pars
1032 2723 1051 2764 a
1069 2699 1149 2763 folio

136 2810 200 2874 112
220 2829 322 2894 usque
342 2807 382 2872 ad
401 2807 500 2871 finem
515 2808 683 2891 pertinens
703 2806 844 2889 apriore
863 2806 971 2869 differt
985 2809 1018 2868 et
1037 2805 1150 2868 charta

137 2923 170 2982 et
185 2917 354 3000 scriptura,
372 2917 410 2978 ut
424 2917 596 2997 utramque
613 2912 788 2997 separatim
804 2912 1020 2996 conscriptam
1035 2916 1151 2994 postea

136 3026 171 3090 in
203 3046 304 3088 unum
338 3022 455 3087 librum
493 3021 700 3085 coniunctam
740 3040 811 3082 esse
843 3022 1007 3102 appareat.
1061 3017 1151 3082 Idem

137 3135 245 3197 autem
269 3129 423 3194 librarius
442 3127 596 3212 Aeschyli
616 3126 802 3191 fabularum
825 3129 950 3189 textum
974 3129 1007 3188 et
1029 3125 1150 3208 glosse-

137 3243 227 3303 mata
249 3236 474 3301 interlinearia
493 3239 525 3299 et
544 3234 668 3299 scholia
683 3224 729 3315 A,
746 3253 828 3317 quae
846 3231 880 3295 in
899 3231 1046 3316 margine
1066 3235 1152 3314 sunt,

137 3346 291 3411 exaravit.
338 3340 508 3426 Scriptura
537 3345 587 3406 est
612 3340 844 3426 pulcherrima,
873 3337 928 3403 sed
952 3337 1152 3423 glossemata

136 3451 236 3516 rubro
267 3451 356 3535 picta
383 3450 509 3534 pallore
542 3447 716 3514 admodum
750 3445 874 3528 affecta,
906 3465 1151 3528 nonnumquam

137 3557 204 3623 fere
233 3557 370 3623 evanida
399 3562 483 3622 sunt.
529 3555 568 3620 In
590 3553 762 3621 Persarum
790 3551 922 3618 fabulae
949 3555 1040 3618 textu
1070 3551 1153 3616 duae
