2430 3856
441 159 480 210 IN
497 160 530 212 v.
549 161 701 211 436-443.
1015 154 1080 219 143

60 320 127 385 436
161 317 299 406 ἐρράγη,
333 319 472 405 ἐκινήθη
501 319 541 386 V.
596 321 662 386 436
687 318 994 406 εὔκαιροςὴιροκὴ
1015 317 1079 384 ἀπὸ

58 425 182 514 ἐρράγη
206 425 248 492 Η.
272 464 315 473 -
595 437 664 492 τῶν
685 427 722 492 ἐν
740 425 874 510 πελάγει
893 425 1078 511 ἀτυχησάν-

595 557 672 599 των,
696 571 740 581 -

56 1087 123 1151 438
157 1083 250 1164 λέξας
277 1088 353 1170 post
379 1085 482 1150 κακὸν
505 1086 538 1150 in

57 1196 150 1257 textu
173 1192 304 1258 fabulae
327 1191 368 1258 V.
392 1229 435 1239 —

56 1299 123 1364 439
137 1299 245 1382 ἤγουν
258 1306 315 1382 τῆς
329 1300 431 1385 τύχης
440 1297 481 1364 V.
499 1337 536 1346 -

56 1708 123 1772 440
172 1709 298 1789 τοῖσδε]
346 1699 396 1784 οἷς
441 1703 537 1773 εἷιιον

56 1812 203 1881 VBGL.
245 1851 287 1861 -
329 1813 538 1896 ἐναντιῶσαι,

56 1920 210 2008 ἀνταϊραι
240 1918 424 2010 (ἀνεγεῖραι
453 1920 537 2009 cod.)

56 2027 96 2093 V.
150 2034 340 2113 σιαθμῆσαι
382 2028 536 2114 (σναθμῑ-

56 2151 113 2199 σαι
143 2133 226 2222 eod.)
254 2136 295 2200 H.
327 2174 364 2182 -
396 2137 539 2223 βαρύτη-

55 2265 87 2306 τι
111 2253 222 2307 κακῶν
240 2241 279 2308 V.
311 2251 357 2331 τῷ
382 2244 476 2329 βάρει
496 2243 537 2308 Η.
591 2243 659 2308 440
690 2250 730 2328 τῇ
762 2253 874 2307 κακῶν
907 2240 1004 2330 (κακῇ
1033 2266 1076 2328 m,

56 2348 93 2414 ἐν
121 2351 233 2435 βάρει,
268 2349 305 2416 ἐν
337 2351 537 2416 καθελκύσει
593 2372 675 2416 corr.
707 2347 808 2436 vict.)
841 2349 1007 2434 δηλονότι.
1031 2387 1075 2397 -

55 2455 159 2522 BGL.
184 2493 226 2504 -

56 3079 118 3143 441
144 3080 264 3163 μισηιὴ
289 3078 329 3145 H.
355 3077 410 3144 καὶ
434 3082 537 3166 βαρυ-

54 3183 132 3269 τέρα
169 3183 224 3250 καὶ
258 3189 381 3272 ’χείρων
416 3186 456 3251 V.
497 3223 533 3232 -

55 3293 119 3357 443
145 3290 395 3378 bopo‘mavVH.
413 3330 450 3339 —
468 3295 536 3378 μεί-
590 3293 656 3358 443
681 3293 824 3376 μείζονα.
849 3327 890 3336 -

56 3401 134 3476 ζονα
158 3397 233 3466 VG.
266 3401 469 3485 μεγαλόιερα
495 3398 534 3463 Η.

56 3505 101 3583 εἰς
123 3506 165 3571 τὰ
187 3509 322 3590 μείζονα
343 3505 378 3573 L.
401 3543 446 3555 —
