2430 3856
496 189 707 243 PRAEFATIO.
1040 191 1115 240 XLV

154 350 311 435 Notatur,
343 371 425 434 quae
457 351 725 436 περιφραστικῶς
756 351 795 415 ab
824 351 990 435 Aeschylo
1022 351 1109 416 dioto

93 458 173 524 sint:

162 565 229 632 sch.
248 563 283 628 M
302 563 388 651 Sepn
404 566 479 631 354.
492 565 569 631 475.
582 565 657 631 541.
672 567 746 632 607.
775 565 836 650 Ag.
850 567 927 631 491.
951 563 1029 630 Cho.
1045 565 1110 630 656

94 669 193 760 (κατὰ
201 674 405 757 περίφρασιν
413 671 701 756 εο5.Μ8ορλ.551.
721 671 918 757 supplens
936 670 1112 758 050584).
1201 681 1205 687 “

162 780 228 843 seh.
252 778 287 843 M
306 779 396 846 Pete.
414 781 479 844 720
505 780 543 844 τὸ
571 779 726 864 Mesopo,
756 788 1024 864 ττεριφραστικῶς
1051 780 1114 863 τὴν

96 885 245 969 ἤπειρον.
283 880 322 950 of.
347 885 412 951 soh.
431 886 462 950 A
489 894 547 970 τῆς
568 896 629 970 γῆς
651 888 689 951 τὸ
713 887 757 968 θλ,
786 897 1051 977 τιεριφραστικῶς
1075 881 1113 950 66

96 992 158 1076 τὴν
181 999 247 1075 γῆν
270 1001 338 1056 τῶν
361 996 505 1076 Περσῶν
527 1009 611 1076 φησι
634 1002 753 1058 πᾶσαν.

163 1099 231 1164 soh.
250 1098 285 1163 M
303 1097 391 1164 Pers.
410 1101 475 1167 368
499 1101 581 1165 κατὰ
604 1107 807 1185 περίφρασιν
830 1099 1044 1182 τὸναίθέρα.
1073 1100 1113 1165 of.

163 1205 229 1272 seh.
249 1204 359 1272 A358
378 1208 415 1272 τὸ
435 1205 570 1291 τέμενος
592 1215 653 1272 τοῦ
671 1207 818 1292 αἰθέρος,
842 1217 1110 1293 τεριφραστικῶς

97 1312 200 1379 αὐτὸν
222 1313 283 1378 τὸν
306 1311 437 1399 αἰθέρα.

83 1422 85 1426 ’
162 1420 228 1485 soh.
246 1418 279 1485 A
296 1419 361 1486 507
387 1419 404 1486 6
424 1421 487 1504 γὰρ
506 1421 655 1506 λαμπρὸς
673 1421 794 1498 κύκλος
811 1423 872 1485 τοῦ
889 1419 988 1504 ἡλίου
1007 1419 1114 1508 (κερι-
1132 1497 1135 1502 ,

96 1536 287 1611 φραστικῶς
314 1527 332 1597 6
360 1527 468 1612 ἥλιος)
496 1526 631 1610 φλέγων
658 1533 726 1593 κτλ.
772 1528 811 1593 of.
835 1529 877 1613 gl.
901 1526 932 1592 V
959 1528 1067 1611 ἤγουν
1096 1526 1113 1592 6

96 1632 198 1716 ἥλιος.
988 1679 991 1683 .

144 1738 229 1805 soh.
249 1741 279 1805 A
299 1740 364 1807 358
388 1753 457 1817 τοῖς
475 1741 729 1825 καταστρώμασι
747 1751 815 1804 τῶν
833 1749 931 1822 νεῶν,
954 1761 1116 1824 περιφρα-

98 1857 218 1924 στικῶς
241 1858 312 1924 ταῖς
335 1852 468 1914 ναυσίν.

164 1954 231 2020 soh.
251 1954 279 2018 A
300 1955 366 2020 920
388 1954 409 2039 ἢ
432 1957 469 2020 τὸ
493 1959 621 2040 κόσμου
645 1952 719 2020 ἀντὶ
741 1965 802 2020 τοῦ
825 1956 995 2039 νεότητος,
1024 1974 1116 2036 περι-

98 2070 289 2148 φραστικῶς
311 2071 379 2126 τῶν
401 2060 490 2128 νέων
514 2062 648 2147 ἀνδρῶν
671 2060 726 2128 καὶ
749 2064 924 2145 γενναίων.

97 2188 101 2198 ·
130 2203 132 2206 ·
165 2169 248 2233 Tum
273 2169 360 2253 quod
383 2169 418 2234 in
438 2169 468 2233 V
492 2170 575 2235 ολΗ
599 2192 696 2255 super
718 2172 866 2253 βασιλεῖς
889 2169 1116 2252 scriptumest

98 2272 284 2363 (pertinens
309 2274 439 2360 quidem
463 2276 503 2340 ed
527 2277 707 2362 genuinum
730 2275 881 2360 βασιλῆς)
906 2298 935 2339 v.
953 2276 998 2339 24
1015 2269 1118 2339 Ἀττι-

97 2392 174 2466 κῶς,
204 2383 291 2451 idem
322 2382 452 2448 obviam
484 2389 533 2448 est
562 2385 597 2448 in
628 2383 693 2448 sch.
712 2381 747 2446 M
768 2380 853 2464 Sept.
875 2382 948 2447 102.
967 2381 1032 2447 389
1062 2378 1117 2467 (of.

99 2489 165 2557 soh.
183 2487 219 2555 M
238 2487 327 2574 Sept.
347 2490 421 2555 629.
445 2489 524 2555 cho.
544 2491 595 2556 73.
618 2489 712 2554 Eum.
732 2489 784 2554 32.
803 2487 878 2554 599.
901 2486 1008 2552 Prom.
1028 2483 1071 2574 3).

165 2595 249 2661 Tum
273 2597 309 2661 in
330 2595 366 2660 M
393 2596 518 2663 scholia
546 2620 566 2662 a
593 2596 836 2684 praepositione
865 2594 921 2658 0ιά
948 2592 1118 2677 incipiunt,

99 2703 191 2768 velut
209 2703 250 2768 ad
269 2702 356 2770 Pers.
378 2705 440 2768 747
453 2704 517 2768 «διὰ
534 2704 572 2768 τὸ
593 2704 754 2788 λὸρύσθαι
778 2702 900 2767 αὐτόθι
918 2701 1003 2777 Διὸς
1027 2699 1120 2784 ἱερὸν

101 2809 294 2884 adnotatum
319 2813 378 2876 est.
415 2811 509 2887 Quod
532 2815 642 2876 autem
663 2810 864 2894 Byzantinus
883 2809 945 2874 hoo
964 2809 1012 2873 ita
1031 2830 1119 2874 eom·

49 2899 58 2910 ‚.
99 2917 261 2982 mentatio
293 2938 352 2982 suo
381 2916 537 3002 intexuit,
568 2920 606 2981 ui
634 2915 789 2980 scriberet
817 2915 908 3000 ἱερὸν
937 2910 974 2980 66
996 2918 1119 2980 τοῦτόν

102 3041 188 3109 φησι
211 3024 267 3089 διὰ
289 3025 327 3089 τὸ
350 3027 434 3108 κτλ,
462 3024 549 3090 haud
571 3023 682 3108 inepte
706 3022 848 3088 conicias
875 3023 976 3088 verbe
1004 3023 1117 3088 scholii

101 3131 208 3198 A650
223 3132 331 3216 ὄχθον
347 3127 383 3196 66
397 3132 457 3196 τὸν
466 3131 575 3216 τολφον
589 3136 686 3197 καλεῖ
697 3131 753 3195 διὰ
765 3131 826 3196 τὸν
840 3129 1118 3215 ἄναχωριατισμὸν

59 3305 64 3314 ,
100 3240 142 3303 ed
165 3239 336 3324 antiquum
360 3239 507 3304 scholion
528 3241 647 3324 redire,
672 3239 758 3324 quod
782 3242 854 3303 erat
877 3238 933 3302 διὰ
955 3238 1015 3301 τὸν
1040 3237 1119 3301 ἀνα-

100 3349 322 3430 χυματισμόν.
381 3345 456 3411 Alie
487 3346 569 3413 haee
605 3349 682 3411 sunt
712 3344 874 3429 exempla:
908 3345 974 3411 soh.
998 3345 1027 3409 A
1051 3345 1144 3410 500Ἰ

100 3450 220 3536 ἁγνοῦ·
244 3453 301 3518 0ιο
323 3452 361 3519 τὸ
378 3453 532 3539 καθαρὸν
550 3449 604 3518 καὶ
625 3447 746 3527 oiston
764 3451 945 3535 φυλάττειν
967 3450 1005 3516 τὸ
1023 3449 1117 3536 ὕδωρ

99 3556 212 3632 αὐτοῦ.
237 3559 302 3626 soh.
321 3559 353 3625 A
372 3560 437 3625 620
456 3558 585 3645 ξανθῆς
603 3556 641 3625 δὲ
661 3559 717 3624 διὰ
738 3559 776 3624 τὸ
795 3558 834 3623 τὸ
852 3558 1001 3622 Aesone»
1022 3555 1133 3638 pinos
