2430 3856
82 171 199 223 XLVIII
485 170 696 222 PRAEFATIO.
747 222 749 226 .

84 333 130 397 sic
166 332 380 417 explicantur:
402 333 501 398 ὥστε
537 332 597 396 τὸν
634 331 788 415 ὀμφαλὸν
825 331 912 414 ἔχειν
950 329 1099 428 αἱμάτων

82 440 165 521 ίίχος
189 437 378 525 ἐπαίροντα,
402 440 501 505 verba
524 435 602 503 Ohc.
627 461 655 503 v.
674 439 739 503 479
749 459 796 522 sq.

439 582 574 646 τοιάνδε
598 563 666 645 σου
685 585 799 664 χρείαν
823 583 885 665 ἔχω

173 700 296 774 φυγεῖν
319 687 424 773 μέγαν
446 694 656 770 προσθεῖσαν
679 689 834 774 Αἰγίσθῳ
857 688 1005 772 <ὃόλον>

84 833 144 896 sic:
172 831 255 896 ὥστε
283 829 404 917 φυγεῖν
431 831 489 907 τὰς
516 828 694 912 ἐπιβουλὰς
716 831 887 912 Αἰγίσθου
913 847 1101 916 τιμωρησα-

84 938 189 1023 μίνχν
214 937 325 1002 αὐτόν.

151 1053 264 1138 Neque
283 1055 378 1119 aliter
397 1068 502 1123 resse
521 1054 621 1118 habet
642 1053 679 1117 de
700 1054 853 1119 adverbio
872 1052 976 1118 ἕνεκα.
1014 1051 1101 1117 Num

66 1163 122 1240 ‚ut
154 1183 184 1226 r.
207 1159 285 1245 9sq.
317 1157 372 1225 καὶ
406 1159 621 1244 πολυχρύσου
653 1168 808 1243 στρατιᾶς
839 1161 903 1243 ἤδη
937 1161 1101 1246 genitivus

85 1267 305 1350 superscripto
338 1265 434 1332 ἕνεκα
466 1265 649 1352 expeditur,
682 1267 731 1330 ita
765 1267 806 1331 ad
838 1266 944 1334 Prcm.
977 1290 1006 1334 v.
1034 1269 1101 1332 413

1 1387 5 1395 ’
86 1373 192 1439 στένω
224 1390 262 1439 σε
297 1375 400 1458 τύχας
437 1373 616 1439 scholiasta
648 1372 684 1439 M
718 1373 892 1459 adscripsit
924 1375 1029 1439 λείπει
1064 1374 1102 1439 τὸ

85 1480 191 1546 ἕνεκα.

17 1607 20 1612 “
153 1596 235 1662 'I'um
256 1597 342 1682 quod
363 1597 429 1662 sch.
451 1598 476 1661 A
504 1600 536 1661 et
561 1597 605 1683 gl.
625 1596 655 1660 V
677 1598 740 1662 166
760 1599 921 1681 particula
938 1598 983 1681 μὴ
1002 1599 1102 1661 verbo

87 1702 222 1770 δέδοικα
245 1705 355 1770 addito
375 1705 577 1790 explanetur,
601 1703 670 1770 sch.
689 1703 723 1768 M
741 1703 847 1771 Prom.
866 1727 895 1770 v.
915 1704 957 1769 68
981 1703 1104 1789 legitur

86 1814 191 1878 λείπει
214 1813 340 1895 σκόπει,
365 1835 437 1898 quc
451 1811 607 1896 Aeschyli
630 1812 730 1877 verbe
753 1810 842 1888 ὅπως
864 1811 909 1895 μὴ
932 1810 1104 1896 perspicua

85 1919 175 1982 fient.

153 2024 238 2087 Tum
269 2023 310 2086 ed
340 2024 383 2108 gl.
403 2023 433 2086 V
453 2025 517 2087 201
549 2021 605 2109 (cf.
630 2023 695 2086 sch.
719 2023 749 2085 A
772 2021 849 2107 197)
881 2025 959 2106 σφε]
990 2021 1104 2106 αὐτόν,

88 2130 132 2214 gl.
150 2126 183 2193 V
197 2129 262 2194 809
287 2127 340 2213 (cf.
360 2128 427 2192 sch.
447 2125 572 2215 A809)
596 2131 692 2212 σφιν]
715 2127 837 2209 αὐτοῖς,
863 2128 907 2213 gl.
925 2127 1019 2193 BGL
1040 2131 1103 2210 761

87 2235 144 2320 (cf.
165 2234 231 2300 sch.
250 2235 280 2299 A
300 2233 379 2318 761)
404 2234 501 2318 σφιν]
526 2235 640 2312 αὐτοῖς
668 2233 862 2299 conferenda
885 2237 960 2298 sunt
984 2236 1051 2301 sch.
1069 2236 1105 2301 M

88 2341 194 2408 Prom.
214 2340 234 2406 9
258 2343 295 2406 τὸ
315 2366 333 2426 χ
357 2342 468 2406 διὰτὸ
488 2340 562 2427 σφέ,
579 2342 630 2426 gl.
648 2340 684 2405 M
703 2338 792 2424 Sept.
807 2341 872 2406 602
891 2343 968 2424 σφε]
989 2343 1113 2426 αὐτόν,-

19 2492 21 2497 «
88 2448 177 2514 Pers.
196 2472 225 2516 v.
245 2450 310 2514 242
334 2449 391 2512 ubi
415 2465 499 2532 σφιν
518 2445 676 2532 ἐμπρέπει
695 2470 768 2513 curn
787 2447 975 2512 Hermanno
994 2431 1105 2534 legen-

88 2556 164 2620 dum
187 2579 246 2640 pro
271 2554 385 2631 αὐτοῖς
408 2553 533 2639 πρέπει.

154 2672 235 2735 Tum
256 2671 295 2734 ad
316 2673 358 2755 gl.
378 2670 408 2735 V
428 2673 494 2736 264
517 2669 572 2758 (cf.
591 2673 658 2737 sch.
677 2671 706 2736 A
727 2673 806 2757 263)
832 2672 872 2735 ad
900 2671 1012 2752 αὐτὸς]
1040 2671 1104 2753 ἐγὼ

88 2777 128 2842 cf.
147 2776 214 2842 sch.
232 2775 268 2840 M
290 2776 386 2842 Eum.
405 2778 484 2861 290,
512 2778 570 2842 ubi
593 2778 763 2843 delendum
791 2780 905 2861 λείπει,
933 2783 971 2842 ut
998 2777 1105 2843 solum

90 2879 146 2968 ἐμὲ
174 2883 214 2948 ad
243 2881 347 2949 critic
375 2883 574 2968 adscriptum
603 2884 658 2968 sit,
692 2885 758 2949 sch.
780 2882 816 2948 M
839 2882 950 2969 Suppl.
969 2885 1035 2951 814
1064 2884 1105 2948 ad

88 2984 170 3074 ἀμφ’
201 2989 315 3072 αὐτᾶς]
348 2987 424 3075 περὶ
461 2989 603 3076 ἐμαυτῆς
633 2987 687 3078 (cf.
711 2991 853 3074 Hesych.
881 2992 923 3076 gl.
958 2992 1057 3069 αὐτὸς
1084 2989 1105 3076 ἦ

89 3097 153 3180 ἐγὼ
177 3095 198 3180 τ’]
222 3099 265 3162 σὺ
287 3095 308 3180 τ’]
332 3096 482 3183 ἐκεῖνος).

156 3211 267 3279 Orasis
291 3235 389 3299 quem
416 3213 528 3282 dicunt
550 3215 585 3279 in
607 3214 659 3280 his
688 3216 843 3301 exemplis
864 3215 1006 3280 tollitur:
1037 3214 1105 3280 sch.

88 3323 119 3386 A
138 3319 203 3386 195
221 3343 285 3405 pro.
302 3319 357 3406 χῆ]
378 3318 434 3386 καὶ
451 3320 481 3404 ἡ,
505 3319 683 3407 gl.Vsch.
703 3322 730 3386 A
749 3323 814 3389 307
838 3343 897 3406 pro
916 3318 977 3403 χώ]
1001 3317 1057 3384 καὶ
1076 3320 1107 3406 ὁ,

88 3426 156 3493 sch.
172 3427 203 3492 A
217 3426 282 3493 505
300 3451 360 3512 pro
374 3429 508 3514 χῶστις]
522 3425 578 3492 καλ
597 3427 695 3504 ὅστις.
733 3428 852 3494 ο1.εο1ι.
868 3425 1023 3493 MPrcm.
1038 3428 1103 3493 947
1141 3458 1144 3462 ’

86 3533 130 3601 ad
150 3523 199 3623 χῷ
222 3535 349 3624 τρόπῳ]
373 3533 429 3602 καὶ
452 3526 479 3626 ᾧ
502 3539 624 3626 τρόπῳ.
