2430 3856
544 177 701 231 SOHOLIA

180 658 224 722 26
236 679 305 743 sqq.
350 656 605 743 τοξοδάμαντεςε
628 657 759 737 τοξόται
784 659 840 723 διά
861 669 929 725 τῶν
946 657 1054 737 τόξων
1073 662 1130 725 δα-

112 765 269 849 μάζοντες
295 767 374 842 τοὺς
404 763 614 842 ἀντιπάλους.
659 763 715 830 καὶ
744 763 872 831 ίππικοὶ
899 764 1039 853 φοβεροὶ
1067 764 1129 851 μὲν

112 873 159 948 εἰς
176 871 214 936 τὸ
233 877 403 956 θεαθῆναι
420 869 594 937 τουτέστιν
615 869 724 938 ἱκανοὶ
743 875 864 957 φοβεῖν
883 872 919 938 ἐκ
937 880 995 956 τῆς
1009 875 1128 957 όψεοος,

112 974 219 1042 δεινοὶ
247 975 284 1042 δὲ
311 976 367 1043 καὶ
390 977 569 1062 ἐπιτήδειοι
594 976 650 1044 καὶ
674 977 776 1059 δεξιοὶ
799 981 883 1063 πρὸς
905 983 1063 1065 πόλεμον,
1090 979 1128 1046 ἐν

84 1085 251 1168 ετλήμονι
277 1082 333 1150 καὶ
360 1094 537 1170 καρτερικῇ
564 1083 620 1151 καὶ
647 1090 786 1174 γενναία
819 1085 899 1173 δόξῃ
929 1084 985 1152 καὶ
1012 1087 1128 1172 γνώμῃ

110 1199 227 1275 ψυχῆς.
275 1192 372 1276 vulgo
384 1191 485 1257 Dd.V.

184 1349 323 1402 llemma
341 1365 356 1403 e
375 1349 401 1403 V
420 1347 518 1404 addidi
546 1379 578 1389 -
606 1355 623 1404 3
647 1348 704 1404 ἀπὸ
727 1347 816 1420 μόνης
838 1357 888 1420 τῆς
911 1348 1003 1420 ὅψεως
1019 1348 1073 1405 Dd.
1096 1383 1128 1390 -

110 1426 127 1474 4
146 1436 197 1490 pro
217 1419 308 1475 δεινοὶ
326 1417 358 1476 δὲ
376 1440 402 1476 τι.
418 1416 488 1476 ἔπιτ.
503 1418 565 1475 uod:
585 1415 739 1489 ἐπιτήδειοι
757 1419 790 1477 δὲ
809 1422 860 1476 οιαὶ
878 1421 993 1491 vulgov

176 1725 218 1790 28
266 1723 360 1812 ὃόξχτ
383 1726 498 1812 γνώμῃ
521 1724 542 1810 ἢ
566 1729 738 1812 φιλοτιμίᾳ
759 1724 781 1811 ἢ
801 1725 1011 1816 ἐνυποστάτμ
1031 1729 1126 1811 δοκό-

110 1848 161 1896 σει
183 1829 239 1896 καὶ
262 1834 416 1926 πείσματι
439 1841 555 1919 ψυχῆς.
602 1834 700 1919 vulgo
710 1833 814 1914 Ddy.

182 1994 197 2041 1
217 1985 235 2056 ἢ
255 1988 351 2060 χνάμχ
368 1987 423 2043 Dd.
443 2021 476 2030 -
496 1987 565 2060 δόξῃ
582 2006 633 2060 pro
653 1988 768 2058 δοκήσει
785 1989 866 2045 Dd.V

177 2256 220 2321 29
267 2255 286 2322 ό
310 2256 366 2322 διά
388 2266 456 2321 τῶν
481 2256 592 2322 ἵππων
616 2254 744 2344 εἰςζτὴν
766 2259 874 2344 μάχην
891 2263 1127 2346 πορευόμενος.

111 2363 209 2449 vulgo
220 2362 323 2429 Dd.V.

521 2611 574 2650 σαν
593 2595 617 2648 V

178 2517 362 2595 Ἀρτεμβάρης
385 2519 400 2576 ὁ
420 2564 427 2578 .
447 2564 453 2577 .
473 2519 675 2663 ποχευόμενος,
699 2517 761 2578 ἐπεὶ
784 2520 815 2578 οἱ
835 2521 981 2594 Αἰγύπτιοι
998 2525 1053 2580 ὑπὸ
1074 2524 1127 2594 τὴν

110 2598 191 2664 χεῖρα
209 2601 265 2649 τῶν
284 2595 401 2663 Περσῶν
419 2592 481 2649 τότε

95 3174 97 3177 .
178 3110 221 3174 34
267 3109 388 3185 ἄλλους
411 3103 442 3173 δ’
468 3108 486 3175 ὁ
510 3107 624 3193 μέχαςι
648 3110 770 3186 ἄλλους
789 3108 838 3194 δέ,
861 3111 976 3194 φησίν,
1001 3112 1124 3193 ἔπεμψε

109 3215 303 3302 συμμάχους
331 3227 399 3281 τῶν
425 3220 569 3302 Περσῶν
597 3216 616 3283 ό
644 3214 745 3302 μάχας
771 3213 826 3282 καὶ
849 3216 867 3282 ὁ
890 3218 997 3282 πολλοὶ
1019 3217 1123 3303 θρέμ-

108 3347 194 3408 ματα
219 3325 305 3408 ἒχων
323 3326 454 3402 Νεῖλος.
490 3324 677 3411 ὑποχείριοι
695 3325 759 3409 γάρ
781 3319 868 3409 ἦσαν
888 3328 1031 3410 Περσῶν
1048 3328 1123 3390 τότε

182 3479 324 3552 Ιέπεμπε
342 3481 369 3535 H
398 3514 431 3522 -
459 3484 561 3554 2post
578 3482 593 3539 ό
612 3481 647 3554 με’
666 3503 712 3546 ac:
736 3481 786 3537 καὶ
804 3482 819 3538 ό
838 3483 925 3546 πολὺς
943 3481 1026 3540 inser.
1045 3483 1071 3539 V
1090 3515 1123 3525 —

109 3559 126 3608 3
144 3548 207 3608 τότε
226 3555 344 3625 Περσῶν
361 3546 435 3623 ἦσαν
454 3553 488 3623 V,
506 3558 625 3626 Περσῶν
643 3504 717 3626 άσαν
735 3553 798 3611 τότε
816 3554 843 3609 Η
861 3586 895 3595 -
