2430 3856
85 174 202 225 XXXIV
484 175 694 226 PRAEFATIO.

85 345 143 418 τής
170 337 277 417 νήσου
305 334 370 418 ή“
354 359 397 411 ως
426 333 551 419 ἐρήμου
579 334 625 398 sic
649 333 955 418 corrigendum,
897 338 946 398 est
982 339 1103 420 utpro

85 441 155 525 ἢ*
138 466 182 518 ως
210 444 331 528 έρήμος
359 441 538 506 scribamus
566 438 632 522 d‘
616 463 661 516 ως
687 438 820 523 ἐρήμου.
867 385 963 506 Cadit
985 441 1102 507 Weck-

87 550 158 613 linii
187 550 384 629 coniectura,
416 570 498 633 quae
525 569 581 630 per
610 570 644 610 se
672 548 778 611 minus
807 547 889 612 lenis
916 553 979 613 est:
1012 549 1103 634 ήάις

88 657 159 741 έερὰ
183 651 268 721 οὖσα
292 656 419 731 Πανός·
443 653 463 738 ή
488 654 532 731 ὡς
555 656 685 738 ἕρημος.

152 761 227 829 8811.
247 762 280 827 Μ
301 760 345 826 73
370 761 484 840 ξεύξας
510 771 597 826 νεῶν
625 762 686 844 τήν
714 761 890 826 θάλασσαν
917 784 956 826 ex
985 763 1051 828 seh.
1070 765 1101 827 A

85 871 226 935 restitui:
260 869 375 948 ξεύξας
407 870 462 933 διά
493 880 581 933 νεῶν
613 869 674 952 τήν
702 869 888 933 θάλασσαν.
943 869 1032 934 Idem
1065 871 1100 934 in

85 977 271 1062 archetypo.

153 1080 346 1149 8811.Μ64
371 1082 537 1167 ἀριθμῶν,
562 1083 627 1147 seh.
646 1081 676 1146 A
700 1086 733 1146 et
756 1082 877 1149 arahet.
900 1082 1040 1178 ἡμερῶν.

153 1188 280 1255 8111.Μ
300 1187 368 1253 312
395 1190 518 1272 αὐτοῖς,
542 1190 608 1254 sch.
627 1187 656 1254 A
678 1185 754 1275 παρ’
778 1189 894 1273 αὑτοῦ,
917 1191 1001 1255 unde
1020 1192 1100 1256 illud

87 1298 211 1362 correxi
234 1297 268 1360 in
292 1295 390 1384 αὐτῷ.
437 1295 507 1362 Ηοο
531 1297 564 1360 in
589 1295 775 1381 archetypo.

153 1401 227 1469 sah.
242 1403 277 1468 Μ
292 1401 363 1467 243
384 1395 458 1467 οἷον
477 1402 648 1488 μάχονται,
670 1404 736 1468 seh.
752 1402 781 1466 A
800 1399 843 1467 δι’
862 1398 910 1467 ὧν
929 1404 1100 1487 μάχονται.

87 1508 155 1574 Aut
177 1510 260 1573 idem
285 1514 342 1572 aut
365 1501 415 1585 οἷς
437 1509 597 1593 μάχονται
620 1509 655 1572 In
679 1509 865 1593 archetypa

153 1614 228 1682 seh.
247 1615 281 1682 Μ
300 1613 371 1681 423
395 1627 463 1682 τῶν
481 1616 652 1701 σωμάτων,
676 1615 742 1680 sch.
762 1616 792 1678 A
812 1619 845 1679 et
864 1616 993 1701 archet,
1013 1618 1099 1702 quod

85 1723 288 1790 Wecklinius
312 1725 346 1788 in
368 1723 404 1788 M
427 1724 619 1808 emendavit,
641 1733 709 1787 τῶν
732 1723 925 1806 πτωμάτων.

152 1830 227 1898 sch.
246 1829 280 1895 Μ
302 1828 367 1894 131
394 1833 650 1896 ααταλελοίπασι
672 1830 733 1912 τήν
752 1832 851 1894 πόλιν
870 1830 1099 1897 ἀκολουθοῦν-

86 1960 140 2014 τες
163 1937 268 2022 Ξέρξῃ
293 1938 337 2012 ὡς
361 1936 513 2020 μέλισσαι
535 1937 572 2001 τὸ
595 1945 719 2020 σμήνος
738 1938 816 2001 item
836 1941 1022 2020 corruptum
1041 1943 1101 2024 est,

88 2048 126 2107 ut
144 2043 179 2106 in
196 2047 289 2106 textu
308 2042 447 2127 μέλισσα
466 2066 524 2126 pro
544 2048 704 2126 μελισσᾶν
720 2041 774 2130 (cf.
788 2066 818 2127 p.
832 2040 935 2130 XVI).
969 2043 1100 2129 Optime

87 2171 163 2214 vero
188 2150 254 2215 seh.
272 2148 349 2234 Byz.
375 2150 878 2233 οαμΙῐοο1ααταλελολπασιτήν
901 2153 1000 2216 πόλιν
1023 2152 1099 2217 dao-

84 2260 291 2331 λονθοῦντες
312 2264 358 2342 τῷ
381 2255 487 2340 Ξερξχ
511 2256 620 2342 ὥσπερ
644 2256 681 2320 τὸ
701 2265 827 2340 σμήνος
846 2267 913 2321 τῶν
932 2262 1100 2341 μελισσῶν

85 2360 196 2426 ἕπεται
219 2370 264 2449 τῷ
289 2361 421 2451 άρχήχῷ
446 2362 566 2428 αὑτῶν.
613 2361 662 2427 01.
685 2363 817 2428 Reuter.
841 2364 916 2428 dise.
935 2387 965 2448 p.
986 2366 1039 2429 22.

150 2467 189 2533 In
214 2476 393 2553 arpumento
416 2469 586 2535 Persarum
610 2469 645 2533 M
669 2470 800 2534 exhibet
824 2471 978 2557 Γλαύκῳ,
1007 2471 1099 2536 seho-

85 2577 182 2640 liasta
147 2575 411 2660 tByzantinus
440 2577 579 2665 Γλαύκῳ
609 2583 762 2659 Ποτνιεῖ,
797 2577 882 2662 quod
916 2577 1100 2642 certissime

85 2706 102 2746 e
126 2684 196 2748 cod.
215 2684 326 2748 archet
312 2688 392 2768 typo
416 2687 534 2769 repetit
535 2707 590 2748 um
610 2689 667 2748 est.
646 2681 749 2748 01
728 2681 947 2748 fSeelmann.
962 2707 991 2768 p.
1004 2685 1101 2770 lOsq.

153 2789 242 2853 Idem
276 2811 293 2854 e
325 2792 506 2856 coniunctis
464 2791 672 2856 tscholiis
704 2788 803 2854 Met
831 2787 863 2854 A
891 2788 962 2854 450
988 2813 1098 2856 veram

86 2896 255 2980 archetypi
291 2897 464 2962 leotronam
502 2898 612 2963 elicuit
652 2895 698 2980 (p.
731 2896 831 2981 9sq.)
874 2894 1100 2984 (Ψυττάλεια)

85 3000 196 3087 άπέχει
220 3012 278 3087 τής
301 3008 493 3090 Σαλαμῖνος
515 3004 598 3089 πρὸς
620 3005 760 3088 ήπειρον
783 3000 809 3068 ε’
834 3004 998 3080 σταδίους.

151 3108 225 3175 seh.
258 3110 292 3175 M
327 3108 396 3177 776
432 3112 620 3177 Dindorfius
657 3110 788 3195 scripsit
825 3110 1001 3195 ὁμώνυμος
1038 3134 1100 3195 pro

84 3215 277 3302 ὁμωνύμως.
321 3218 411 3282 Idem
440 3220 474 3283 in
502 3219 530 3282 A
559 3223 592 3282 et
620 3216 741 3282 archet.
788 3217 871 3282 Tum
899 3216 1098 3303 περιέσπασε

84 3325 225 3388 correxit
248 3347 264 3389 e
287 3335 356 3402 πῶς
380 3328 509 3390 ἔσπασε.
555 3323 644 3388 Idem
668 3324 702 3387 in
730 3323 851 3389 arahet.
876 3323 976 3387 fuisse
1000 3343 1098 3407 agno·

87 3431 191 3496 scitur
223 3433 361 3498 lectione
394 3431 508 3497 scholii
538 3431 568 3496 A
597 3427 774 3512 ἐπέσπασε,
807 3451 888 3513 quae
916 3429 1102 3513 corruptela

84 3536 345 3622 frequentissima
367 3542 426 3604 est.
