2430 3856
99 1008 357 1082 GLOSSEMATA
384 1009 517 1080 INTER·

212 1134 407 1205 LINEARIA
764 1101 929 1174 SGHOLIA

150 1305 269 1342 comeum
297 1285 464 1342 VHGLB.
765 1288 870 1326 001>101⁸
888 1272 926 1327 Μ.

112 1418 184 1480 v.l
221 1422 331 1479 ταῦτα.
377 1417 482 1480 λείπει
509 1416 550 1479 τὰ
649 1418 716 1480 v.l
748 1413 903 1502 (primum
937 1416 1085 1481 scholion

66 1523 230 1606 οἰκήματα
249 1519 269 1603 ἡ
285 1518 359 1586 ἀντὶ
377 1530 438 1587 τοῦ
456 1521 550 1606 ἡμεῖς
605 1522 645 1586 ad
667 1522 766 1587 finem
788 1545 912 1608 argum.
931 1521 1009 1606 Byz.
1029 1544 1085 1606 po-

67 1629 106 1693 V.
144 1631 249 1693 λείπει
271 1629 309 1693 τὸ
334 1629 495 1712 οίκὴματα
508 1628 550 1693 Η.
605 1628 679 1714 sui).
701 1667 738 1676 —
762 1630 930 1707 δεικτικῶς
944 1626 1027 1716 (gl).
1045 1666 1083 1675 —

65 1737 174 1818 ἡγουν
207 1734 300 1818 ἡμεῖς
328 1734 396 1800 GL.
421 1772 462 1781 -
491 1757 549 1800 πο·
604 1734 682 1800 τάδε
698 1732 760 1819 μὲν
776 1741 933 1821 Περσῶνε
954 1735 990 1800 οί
1005 1735 1085 1800 ὑπο-

67 1840 261 1927 ρευομίνων
298 1840 376 1906 VH.
429 1862 550 1927 πομευ-
604 1842 892 1926 μνηματισόμενοί
910 1857 1015 1926 φασιν
1034 1841 1085 1905 ὅτι

66 1949 200 2014 θέντων
232 1947 337 2013 BGL.
373 1986 411 1994 —
449 1951 470 2013 2
503 1950 550 2025 είς
605 1948 744 2026 ἑαυτοὺς
776 1947 933 2034 λέγουσιν
965 1949 1086 2013 πιστώ-

65 2058 125 2133 τὰς
141 2051 284 2140 Ἀθήνας
301 2055 342 2119 V.
365 2091 401 2101 —-
428 2056 549 2120 πιστώ-
604 2081 690 2141 ματα
710 2059 853 2142 Περσῶν
873 2056 908 2121 ολ
925 2057 1008 2121 κατὰ
1026 2055 1086 2120 τὸν

65 2187 152 2248 ματα
176 2162 245 2228 VO.
271 2200 308 2208 -
335 2164 355 2227 3
378 2165 549 2228 πλουσίοιν
603 2166 716 2249 χορόν.
767 2163 929 2247 ἀγνοοῦσι
962 2159 999 2227 δὲ
1035 2163 1086 2227 ὅτι

67 2269 139 2335 VL.
155 2271 549 2352 -4βασιλικῶνοίκων
603 2273 699 2347 πόλις
736 2268 806 2335 ἐστὶ
837 2269 986 2354 Περσικὴ
1023 2272 1086 2333 Πί-

67 2378 107 2443 V.
152 2387 220 2442 τῶν
244 2379 427 2459 βασιλικῶν
449 2383 549 2441 καθε-
604 2394 728 2463 στειρα,
742 2377 1086 2460 ἡνσογκόψαςΠίστα

67 2485 160 2568 δρῶν
184 2483 224 2546 Η.
281 2484 459 2567 καθεόρῶν
481 2494 549 2548 τῶν
604 2485 679 2567 ἔφη.
708 2483 743 2546 οί
760 2480 919 2559 ὃὲόίλλως
937 2483 1086 2566 ὑπομνη-

68 2593 251 2674 βασιλικῶν
273 2591 462 2675 οἰκημάτων
487 2589 550 2676 (οί-
604 2591 824 2675 ματισάμενοί
845 2607 962 2672 φασιν·
992 2589 1086 2673 ἡμεῖς

67 2701 196 2782 κὴματα
207 2694 247 2783 L)
263 2697 384 2761 GL.—
404 2697 488 2761 κατὰ
505 2720 549 2761 τι·
605 2696 704 2782 ἐσμεν
732 2697 768 2766 ol?
787 2695 900 2762 πιστοὶ
922 2719 1085 2783 χρηματο-

67 2807 145 2889 μὴν,
174 2805 256 2869 κατὰ
283 2804 377 2883 τάξιν
406 2804 550 2889 γηραιόν
605 2806 751 2889 φύλακες
765 2807 917 2886 Περσῶν.
930 2842 972 2852 -
987 2807 1008 2870 2
1023 2809 1086 2870 Πί-

67 2911 107 2976 V.
127 2949 170 2959 -
194 2912 215 2976 5
238 2912 345 2994 ἡγουν
367 2910 453 2995 ἡμᾶς
470 2914 550 2989 τοὺς
606 2930 718 2996 στειρα
768 2911 850 2975 κατὰ
901 2917 1085 2996 συγκοπὴν·

68 3018 228 3103 γέροντας
250 3016 290 3081 V.
333 3020 411 3094 τοὺς
434 3017 550 3103 γέμον·
606 3022 675 3084 ἔστι
699 3014 736 3083 δὲ
755 3019 904 3102 Περσιαὴ
923 3021 1027 3094 πόλις.
1045 3056 1082 3065 -

66 3150 125 3203 τας
151 3125 193 3190 Η.
261 3125 368 3207 ἡμοον
399 3125 483 3209 ἡμᾶς
512 3125 550 3190 G.
605 3127 758 3192 3λείπει
785 3125 826 3188 τὰ
853 3127 1014 3207 βασίλεια.
1042 3163 1084 3170 -

68 3233 153 3318 ἡμᾶς
176 3231 210 3296 L.
229 3269 274 3278 -
298 3233 317 3296 6
339 3234 461 3317 τρόπος
479 3231 550 3297 ἐτυ-
605 3235 626 3296 4
645 3216 750 3297 λείπει
768 3233 806 3296 τὸ
824 3229 932 3314 ἐσμέν.
948 3267 989 3277 -
1005 3232 1086 3295 κατὰ

68 3341 246 3426 μολογικός
282 3338 366 3422 VH,
418 3337 454 3404 ἐκ
489 3347 551 3404 τοῦ
604 3341 797 3423 πρεσβείανε
819 3339 901 3403 κατὰ
918 3339 1017 3419 τιμὴν
1037 3337 1088 3399 αλ-

67 3450 216 3533 Δαρείου
235 3447 414 3532 γεννηθείς
429 3445 552 3516 add.V.
611 3445 785 3536 μεθέντες.
809 3478 854 3489 -
874 3443 903 3504 ‘0
927 3438 995 3510 οἶκε
1017 3434 1130 3497 &¹³³³

58 3589 103 3598 —-
117 3555 136 3616 7
144 3550 325 3641 προέκρινε
337 3554 448 3624 OGL.
471 3579 558 3649 προ·
621 3555 733 3638 ἅναξι
758 3551 826 3628 οἳις
847 3543 962 3615 οὖτος
977 3536 1002 3598 Q
1020 3525 1168 3604 &W
