2430 3856
486 201 526 252 IN
545 201 577 253 V.
596 204 710 254 47—50.

99 357 154 444 (οἱ
174 357 257 446 cod.)
281 359 320 425 V.
363 361 399 426 οἱ
419 361 585 446 ὑπάρχον-

99 489 155 542 τες
168 465 211 532 Η.
230 503 271 514 --
283 465 529 551 ἐποχουμένοας
542 467 584 534 V.
613 536 617 543 ,

100 558 145 621 .'..
177 575 221 649 47
260 572 447 658 ἐξάγουσιν,
477 568 583 640 ’ἐλαύ-

100 697 202 746 νοασι
225 680 302 747 VH.
328 718 365 727 -

100 895 145 960 48
173 892 340 979 τέθριππα
363 893 438 960 VB.
467 931 506 942 -·
537 892 585 971 ἑξ·
639 897 682 962 48
707 893 782 960 ἀντὶ
804 904 865 960 τοῦ
888 896 1018 981 άρματα
1039 894 1119 982 (gl.).

100 1001 208 1066 άιττττα
231 999 294 1066 VB
320 999 452 1086 (ἕξιππα
475 999 526 1088 Β).
544 1036 581 1047 —-
643 1040 680 1048 —
707 1000 781 1066 ἀντὶ
799 1010 860 1067 τοῦ
877 1000 1044 1086 τέθριππα
1064 1000 1120 1067 καὶ

101 1108 246 1192 άρματα,
269 1107 417 1191 τάγματα
440 1107 479 1176 V.
509 1107 584 1191 τάγ·
640 1109 779 1189 ἑξάιαττα
801 1109 957 1194 τάγματα.
986 1108 1022 1174 ἐκ
1044 1110 1121 1174 τού-

100 1238 197 1300 ματα.
244 1213 307 1280 άπὸ
335 1223 453 1280 κοινοῦ
476 1217 513 1280 τὸ
537 1214 588 1310 ἑξῑ
639 1240 700 1282 του
736 1211 773 1281 δὲ
808 1216 846 1280 τὸ
887 1213 1017 1300 πλῆθος
1052 1226 1121 1280 τῶν

81 1332 232 1406 Ιομμῶσι
250 1322 291 1386 H.
331 1320 417 1406 λέγω
436 1321 583 1407 τάγματα
639 1323 750 1389 ἵππων
769 1324 869 1407 δηλοῖ
885 1320 986 1409 (idem
1001 1321 1039 1406 G,
1057 1323 1121 1388 nisi

15 1436 18 1442 ’
100 1428 173 1495 GL.
203 1465 239 1475 —
271 1433 402 1514 ἔχοντες
428 1430 584 1514 δηλονότι
640 1432 725 1516 quod
749 1429 867 1509 ἕξιππα
886 1435 917 1495 et
937 1431 1038 1514 δηλοῖ
1053 1441 1120 1494 τῶν

99 1535 141 1601 V.
166 1571 208 1582 -·-
639 1538 750 1603 ἵππων
774 1537 870 1625 exh.).
896 1575 933 1584 -

104 3137 148 3202 49
188 3137 453 3221 καταπληκτικὴν
498 3133 586 3200 θέαν

18 3270 21 3275 ·
104 3242 480 3310 VH.-0‘5⁶vec‹522vv.
502 3243 586 3308 ὥστε

105 3350 147 3421 Η.
161 3349 247 3436 λέγω
263 3351 345 3415 ὥστε
356 3350 391 3415 L.
410 3349 492 3414 ὥστε
506 3356 586 3414 θεα-

106 3462 211 3543 θῆναι
225 3456 264 3524 G.
287 3494 324 3504 -
351 3458 395 3524 50
419 3459 585 3540 στεῦγται]
642 3457 685 3524 50
711 3452 826 3522 εκλῦθ’
849 3449 985 3538 Ἀλαλά,
1016 3455 1122 3522 Πολέ-

107 3565 205 3651 ὃίταγν
227 3567 356 3648 κίονος,
380 3586 478 3650 super
501 3564 586 3648 quod
641 3587 706 3648 μου
743 3561 911 3648 θύγατερ,
945 3552 969 3626 ἆ
1005 3563 1134 3626 θύα-κατ
