2430 3856
121 207 186 272 124
547 146 705 262 scflom

119 372 157 436 τὸ
181 375 365 456 μιμητικόν.
403 373 457 455 ὡς,
482 371 540 438 ἐάν
564 373 600 436 οί
613 369 772 454 Ἕλληνες
795 369 973 456 φευξοίατο
996 368 1052 437 καί
1074 373 1143 456 φύ-

119 495 203 561 γωσι
221 480 281 544 τὸν
299 480 450 545 θάνατον
475 481 534 546 τὸν
552 480 697 564 χαλεπὸν
716 478 870 563 εὑρόντες
889 479 965 543 τινά
985 479 1140 564 δρασμὸν

120 583 175 650 καὶ
198 588 311 671 φυχῆν
334 575 483 670 κρυφίως
507 587 564 650 διά
586 597 654 650 τῶν
677 596 779 670 νηῶν,
807 594 909 650 πᾶσιν
937 581 979 668 ῆν
1005 589 1139 670 προκεί-

95 720 107 760 ι
122 716 225 776 μενον
248 703 304 777 τῆς
322 698 469 777 κεφαλῆς
487 697 734 778 στερίσκεσθαι·
758 692 906 758 τουτέστι
924 701 1027 757 πᾶσιν
1046 692 1139 775 ῆπεί-

121 804 171 864 λει
198 812 268 876 τοῖς
294 806 447 885 ταχθεῖσι
474 797 552 884 παρ’
580 800 685 864 αὑτοῦ
713 798 856 883 φυλάξαι
879 802 958 875 τοὺς
972 795 1140 884 Ἕλληνας

122 909 354 990 στερίσκεσθαι
377 915 435 989 τῆς
458 912 618 989 κεφαλῆς,
652 906 710 971 ἐάν
739 907 774 970 οί
790 903 948 989 Ἕλληνες
974 909 1140 984 λαθόντες

122 1012 320 1097 ἐκφύγωσιν.
350 1015 475 1078 ἀτοπον
499 1009 536 1078 δὲ
556 1013 702 1078 ἀπειλεῖν
721 1014 870 1101 τοσούτῳ
888 1016 1013 1097 πλῆθει
1031 1013 1140 1078 θάνα-

121 1142 190 1184 τον.
236 1121 369 1203 βέλτιον
397 1115 460 1185 οὖν
484 1122 589 1184 εἰπεῖν
611 1123 649 1186 τὸ
672 1121 792 1203 κράτος
815 1118 889 1185 ἀντὶ
911 1129 972 1185 τοῦ
995 1121 1138 1205 κράτους

82 1255 109 1295 10
122 1228 204 1292 κατὰ
223 1227 434 1309 ἀντίπτωσιν,
454 1222 498 1290 ἵν’
516 1223 537 1309 ῆ
557 1230 790 1311 στερίσκεσθαι
808 1238 868 1293 τοῦ
887 1228 1040 1312 κράτους,
1063 1229 1138 1311 ῆτοι

122 1343 180 1418 τῆς
202 1344 297 1419 τιμῆς
319 1331 374 1399 καὶ
398 1343 457 1416 τῆς
480 1332 590 1417 ἀρχῆς.

123 1482 138 1528 2
158 1474 228 1543 πρὸς
246 1490 297 1543 pro
316 1473 353 1536 ὡς
366 1472 393 1525 Η
411 1503 445 1512 -
464 1473 531 1540 post
549 1472 597 1535 ὡςε
616 1481 702 1527 πᾶσιν
721 1466 757 1541 ῆν
777 1475 964 1543 προκείμενον
981 1474 1064 1542 ponit
1076 1473 1139 1546 Dd.,

122 1554 209 1600 πᾶσιν
227 1539 264 1613 ῆν
285 1586 290 1598 .
312 1587 317 1598 .
338 1545 535 1612 στερίσκεσθαι
552 1549 663 1613 ponunt
678 1545 741 1612 VH,
761 1546 809 1612 qui
827 1547 924 1598 tamen
942 1547 1140 1614 στερίσκεσθαι

122 1624 172 1684 τῆς
190 1619 315 1685 κεφαλῆς
333 1615 440 1669 habent
458 1646 492 1655 —
512 1615 631 1685 φύγοιεν
649 1615 794 1685 vulgoDd.
816 1649 849 1656 -
868 1624 884 1670 3
903 1616 952 1670 τὸν
973 1619 1039 1669 ante
1059 1621 1141 1686 χαλε-

123 1689 178 1742 πὸν
198 1705 252 1742 om.
271 1689 297 1741 H
318 1720 350 1727 —
369 1694 386 1740 4
404 1688 530 1756 κρυφίαν
549 1687 606 1741 VH
626 1718 658 1726 -
679 1695 751 1742 νεῶν
768 1687 822 1743 Dd.
842 1718 876 1727 —
896 1694 912 1742 6
931 1694 1038 1757 ταχοῖσι
1061 1688 1138 1741 Η-

53 1760 56 1766 ’
124 1760 210 1814 αὑτοῦ
230 1758 330 1828 scripsi
348 1776 398 1828 pro
418 1759 505 1813 αύτού
525 1789 559 1798 -
577 1766 592 1814 7
612 1758 750 1822 λαθόντες
765 1776 818 1816 om.
833 1757 987 1829 vulgoDd.,
1006 1757 1141 1830 λαβόντες

122 1830 150 1883 Η
168 1863 202 1871 -
221 1830 389 1954 8νάπειλαίσ
407 1829 441 1898 Η,
461 1829 580 1899 ἀπειλὴν
600 1831 624 1884 V
644 1862 678 1870 -
702 1838 835 1885 τοσοῦτον
854 1831 880 1883 Η
904 1861 938 1870 -
965 1836 980 1884 9
999 1839 1050 1885 τοῦ
1070 1846 1140 1886 corr.

124 1910 222 1964 θτοῦς

192 2081 257 2147 375
268 2103 337 2166 sqq.
382 2075 517 2145 τοσαῦτ’
543 2080 644 2158 ἔλεξα
678 2090 838 2164 τοσαῦτα,
867 2085 982 2165 φησίν,
1006 2078 1141 2147 εἷπενὸ

94 2173 97 2177 ’
124 2185 247 2272 Ξέρξης
279 2187 344 2252 ὑπὸ
377 2187 536 2264 ἀλαζόνος
562 2185 618 2250 καὶ
645 2186 848 2271 τερπομέυῆς
876 2188 1027 2264 διανοίας
1055 2190 1141 2253 λίαν.

125 2295 167 2360 ού
189 2296 253 2378 χάρ
277 2295 314 2358 τὸ
333 2292 456 2378 μέλλον
479 2293 648 2375 ῆπίστατο.
685 2296 720 2358 οί
742 2293 789 2377 δέ,
813 2291 869 2359 ὑπ’
893 2294 996 2360 αὐτὸν
1020 2296 1140 2379 δῆλον·

125 2405 191 2485 ότι,
221 2402 282 2467 οὐκ
310 2400 469 2482 ἀτάκτως,
498 2398 569 2464 ἀλλ’
594 2392 643 2465 ἐν’
661 2401 796 2488 εύείκτφ
819 2399 874 2465 καὶ
896 2405 1063 2488 πειθηνίφ
1086 2407 1142 2468 λο-

98 2517 231 2596 σχισμῷ
265 2507 493 2592 ἐπορσύνοντο
525 2504 580 2572 καὶ
612 2509 850 2586 κατεσκεύαζον
877 2505 933 2573 καί
962 2508 1142 2592 ἡτοίμαζον

125 2617 279 2700 εὐωχίαν,
299 2615 355 2680 ἵνα
373 2626 506 2699 πρῶτον
525 2615 755 2699 εὐωχηθῶσιν,
771 2610 836 2680 εἶθ’
856 2616 961 2691 οὕτως
981 2613 1142 2693 ἐξέλθωσι

124 2725 207 2806 πρὸς
243 2723 304 2804 τὴν
341 2726 537 2806 ναυμαχίαν.
599 2731 663 2798 πᾶς
698 2746 733 2786 τε
766 2723 851 2806 ἀνῆρ
887 2723 1044 2799 ναυτικὸς
1079 2723 1142 2806 τῆν

125 2831 307 2914 εὐήρετμον
331 2829 446 2911 κώπην
470 2827 648 2913 ἐδέσμευεν
671 2827 755 2913 ἀμφὶ
778 2830 838 2893 τὸν
862 2831 1011 2913 σκαλμὸν
1035 2829 1073 2894 ἐν
1095 2836 1141 2916 τῷ

126 2944 322 3022 τροπωτῆρα
355 2937 424 3000 ἐστι
448 2932 485 3000 δὲ
509 2937 653 3020 σκαλμὸς
675 2937 715 2999 τά
738 2936 775 3000 ἐν
798 2944 843 3023 τῷ
863 2939 964 3020 χείλει
984 2945 1040 3019 τῆς
1058 2937 1143 3011 νεὼς

85 3068 111 3107 10
126 3044 207 3124 ξύλα
231 3042 267 3108 ἐν
291 3034 341 3120 οἷς
364 3043 402 3107 αί
421 3053 528 3107 κῶπαι
550 3041 712 3122 δέδενται,
747 3043 921 3129 τροπωτὴρ
940 3040 977 3108 δέ
997 3042 1015 3107 ὁ
1035 3047 1143 3129 λῶρος
1186 3082 1189 3089 =

197 3234 283 3290 3ἀπ’
301 3237 339 3303 Η,
373 3232 403 3288 οί
417 3232 468 3288 ὑπ’
485 3235 611 3303 vulgoV
639 3265 672 3274 —
705 3234 883 3290 λεύέκτωλί
910 3267 943 3276 -
975 3234 1142 3306 λμάχηνὶί

126 3340 160 3349 -
179 3316 236 3371 πᾶς
254 3305 286 3362 δὲ
305 3306 331 3360 V
351 3337 384 3346 -
409 3311 425 3359 8
445 3300 595 3375 ἐδέσμευεν
614 3321 668 3360 om.
683 3305 709 3359 V
726 3338 762 3346 -
785 3307 908 3378 σκαλμὸν
934 3307 983 3361 καλ
1005 3307 1037 3361 τὸ
1057 3308 1143 3374 ξύλον

125 3378 275 3449 vulgoVH
295 3410 327 3420 -
347 3384 363 3432 9
382 3384 539 3448 τροπωτῆρι
557 3375 606 3431 καὶ
621 3382 661 3459 τῷ
680 3377 758 3451 λάρῳ
775 3378 923 3448 vulgoVH
941 3377 1024 3449 (λόχω
1038 3377 1074 3445 Η,
1093 3377 1143 3433 κοιλ

125 3447 483 3577 '‘fflzffiwsszffgv
492 3433 1143 3590 31²fflssssffidssdffssuffi‘sssff²sc⁶fi¹“}f⁶⁶a⁰3232

99 3538 196 3651 άλλως
212 3565 362 3675 ιἰιοιφιέάε
383 3537 587 3669 θλετροπάτῆρ
606 3590 638 3652 δὸ
660 3592 675 3650 ὸ
694 3592 840 3665 δεσμεύων
860 3561 1005 3648 ειλὸὸευά
