<?xml version="1.0" encoding="UTF-8"?>
<!DOCTYPE html PUBLIC "-//W3C//DTD XHTML 1.0 Transitional//EN"
    "http://www.w3.org/TR/xhtml1/DTD/xhtml1-transitional.dtd">
<html xmlns="http://www.w3.org/1999/xhtml" xml:lang="en" lang="en">
 <head>
  <title>
</title>
<meta http-equiv="Content-Type" content="text/html;charset=utf-8" />
  <meta name='ocr-system' content='tesseract 3.04.00' />
  <meta name='ocr-capabilities' content='ocr_page ocr_carea ocr_par ocr_line ocrx_word'/>
</head>
<body>
  <div class='ocr_page' id='page_1' title='image "./scholiainaeschy01dhgoog_0195.png"; bbox 0 0 2430 3856; ppageno 0'>
   <div class='ocr_carea' id='block_1_1' title="bbox 136 190 721 255">
    <p class='ocr_par' dir='ltr' id='par_1_1' title="bbox 136 190 721 255">
     <span class='ocr_line' id='line_1_1' title="bbox 136 190 721 255; baseline 0.003 -9"><span class='ocrx_word' id='word_1_1' title='bbox 136 190 199 255; x_wconf 81' lang='grc'><strong><em>122</em></strong></span> <span class='ocrx_word' id='word_1_2' title='bbox 564 192 721 248; x_wconf 79' lang='lat' dir='ltr'>SOHOLIA</span> 
     </span>
    </p>
   </div>
   <div class='ocr_carea' id='block_1_2' title="bbox 95 351 1154 974">
    <p class='ocr_par' dir='ltr' id='par_1_2' title="bbox 95 351 1154 974">
     <span class='ocr_line' id='line_1_2' title="bbox 95 351 1152 442; baseline 0.001 -24"><span class='ocrx_word' id='word_1_3' title='bbox 95 376 121 418; x_wconf 81' lang='grc' dir='ltr'><strong><em>ιι</em></strong></span> <span class='ocrx_word' id='word_1_4' title='bbox 134 352 269 438; x_wconf 82' lang='grc' dir='ltr'><strong><em>τέμενος</em></strong></span> <span class='ocrx_word' id='word_1_5' title='bbox 287 362 348 418; x_wconf 84' lang='grc' dir='ltr'><strong><em>τοῦ</em></strong></span> <span class='ocrx_word' id='word_1_6' title='bbox 362 351 500 438; x_wconf 75' lang='grc' dir='ltr'><em>αἰθέρος</em></span> <span class='ocrx_word' id='word_1_7' title='bbox 515 351 796 441; x_wconf 79' lang='grc' dir='ltr'><strong><em>(περιφραστικῶς</em></strong></span> <span class='ocrx_word' id='word_1_8' title='bbox 811 354 914 419; x_wconf 86' lang='grc' dir='ltr'><strong><em>αὐτὸν</em></strong></span> <span class='ocrx_word' id='word_1_9' title='bbox 928 354 988 418; x_wconf 87' lang='grc' dir='ltr'><strong><em>τὸν</em></strong></span> <span class='ocrx_word' id='word_1_10' title='bbox 1002 351 1152 442; x_wconf 72' lang='grc' dir='ltr'><em>αἰθέρα),</em></span> 
     </span>
     <span class='ocr_line' id='line_1_3' title="bbox 133 459 1154 547; baseline 0.002 -23"><span class='ocrx_word' id='word_1_11' title='bbox 133 462 206 525; x_wconf 84' lang='grc' dir='ltr'><strong><em>τότε</em></strong></span> <span class='ocrx_word' id='word_1_12' title='bbox 229 459 321 539; x_wconf 83' lang='grc' dir='ltr'><strong><em>τάξαι</em></strong></span> <span class='ocrx_word' id='word_1_13' title='bbox 343 461 401 538; x_wconf 84' lang='grc' dir='ltr'><strong><em>τάς</em></strong></span> <span class='ocrx_word' id='word_1_14' title='bbox 423 468 506 544; x_wconf 78' lang='grc' dir='ltr'><strong><em>νῆας</em></strong></span> <span class='ocrx_word' id='word_1_15' title='bbox 529 459 566 526; x_wconf 81' lang='grc' dir='ltr'><strong><em>ἐυ</em></strong></span> <span class='ocrx_word' id='word_1_16' title='bbox 596 459 683 547; x_wconf 77' lang='grc' dir='ltr'><strong><em>τρισὶ</em></strong></span> <span class='ocrx_word' id='word_1_17' title='bbox 710 461 836 546; x_wconf 79' lang='grc' dir='ltr'><strong><em>τάξεσι,</em></strong></span> <span class='ocrx_word' id='word_1_18' title='bbox 864 459 1050 546; x_wconf 77' lang='grc' dir='ltr'><strong><em>φυλάσσειν</em></strong></span> <span class='ocrx_word' id='word_1_19' title='bbox 1073 462 1154 538; x_wconf 84' lang='grc' dir='ltr'><strong><em>τοὺς</em></strong></span> 
     </span>
     <span class='ocr_line' id='line_1_4' title="bbox 135 565 1153 652; baseline 0.002 -20"><span class='ocrx_word' id='word_1_20' title='bbox 135 569 276 646; x_wconf 79' lang='grc' dir='ltr'><strong><em>ἔκπλους</em></strong></span> <span class='ocrx_word' id='word_1_21' title='bbox 306 570 414 652; x_wconf 75' lang='grc' dir='ltr'><strong><em>ἤγουν</em></strong></span> <span class='ocrx_word' id='word_1_22' title='bbox 450 569 508 644; x_wconf 83' lang='grc' dir='ltr'><strong><em>τὰς</em></strong></span> <span class='ocrx_word' id='word_1_23' title='bbox 540 567 677 648; x_wconf 76' lang='grc' dir='ltr'><em>ἐξόδους</em></span> <span class='ocrx_word' id='word_1_24' title='bbox 708 566 763 633; x_wconf 82' lang='grc' dir='ltr'><strong><em>καὶ</em></strong></span> <span class='ocrx_word' id='word_1_25' title='bbox 792 569 851 645; x_wconf 84' lang='grc' dir='ltr'><strong><em>τάς</em></strong></span> <span class='ocrx_word' id='word_1_26' title='bbox 878 565 1058 645; x_wconf 79' lang='grc' dir='ltr'><strong><em>ἐξελεύσεις</em></strong></span> <span class='ocrx_word' id='word_1_27' title='bbox 1086 580 1153 634; x_wconf 82' lang='grc' dir='ltr'><strong><em>τῶν</em></strong></span> 
     </span>
     <span class='ocr_line' id='line_1_5' title="bbox 131 671 1154 759; baseline 0.002 -21"><span class='ocrx_word' id='word_1_28' title='bbox 131 671 321 759; x_wconf 77' lang='grc' dir='ltr'><em>Ἀθηναίων</em></span> <span class='ocrx_word' id='word_1_29' title='bbox 353 672 409 740; x_wconf 82' lang='grc' dir='ltr'><strong><em>καὶ</em></strong></span> <span class='ocrx_word' id='word_1_30' title='bbox 436 677 515 751; x_wconf 88' lang='grc' dir='ltr'><strong><em>τοὺς</em></strong></span> <span class='ocrx_word' id='word_1_31' title='bbox 541 678 664 752; x_wconf 90' lang='grc' dir='ltr'><strong><em>τόπους</em></strong></span> <span class='ocrx_word' id='word_1_32' title='bbox 691 678 769 752; x_wconf 84' lang='grc' dir='ltr'><strong><em>τοὺς</em></strong></span> <span class='ocrx_word' id='word_1_33' title='bbox 797 677 1019 757; x_wconf 78' lang='grc' dir='ltr'><strong><em>θαλασσίους,</em></strong></span> <span class='ocrx_word' id='word_1_34' title='bbox 1052 676 1154 752; x_wconf 86' lang='grc' dir='ltr'><strong><em>άλλας</em></strong></span> 
     </span>
     <span class='ocr_line' id='line_1_6' title="bbox 136 779 1153 870; baseline 0.001 -24"><span class='ocrx_word' id='word_1_35' title='bbox 136 779 173 847; x_wconf 73' lang='grc' dir='ltr'><strong><em>δὲ</em></strong></span> <span class='ocrx_word' id='word_1_36' title='bbox 200 790 282 866; x_wconf 78' lang='grc' dir='ltr'><strong><em>υῆας</em></strong></span> <span class='ocrx_word' id='word_1_37' title='bbox 310 779 389 870; x_wconf 76' lang='grc' dir='ltr'><strong><em>(ἀπὸ</em></strong></span> <span class='ocrx_word' id='word_1_38' title='bbox 416 791 534 848; x_wconf 87' lang='grc' dir='ltr'><strong><em>κοινοῦ</em></strong></span> <span class='ocrx_word' id='word_1_39' title='bbox 562 781 670 868; x_wconf 81' lang='grc' dir='ltr'><em>τάξαι)</em></span> <span class='ocrx_word' id='word_1_40' title='bbox 697 785 872 847; x_wconf 85' lang='grc' dir='ltr'><strong><em>κάκλωθευ</em></strong></span> <span class='ocrx_word' id='word_1_41' title='bbox 900 783 975 867; x_wconf 77' lang='grc' dir='ltr'><strong><em>περὶ</em></strong></span> <span class='ocrx_word' id='word_1_42' title='bbox 1003 781 1066 864; x_wconf 78' lang='grc' dir='ltr'><strong><em>τὴν</em></strong></span> <span class='ocrx_word' id='word_1_43' title='bbox 1093 790 1153 847; x_wconf 84' lang='grc' dir='ltr'><strong><em>τοῦ</em></strong></span> 
     </span>
     <span class='ocr_line' id='line_1_7' title="bbox 96 887 889 974; baseline 0 -22"><span class='ocrx_word' id='word_1_44' title='bbox 96 912 122 952; x_wconf 77' lang='grc' dir='ltr'><strong><em>κο</em></strong></span> <span class='ocrx_word' id='word_1_45' title='bbox 136 895 281 965; x_wconf 80' lang='grc' dir='ltr'><strong><em>Αἴαντος</em></strong></span> <span class='ocrx_word' id='word_1_46' title='bbox 304 897 421 973; x_wconf 76' lang='grc' dir='ltr'><strong><em>νῆσον,</em></strong></span> <span class='ocrx_word' id='word_1_47' title='bbox 444 887 595 954; x_wconf 77' lang='grc' dir='ltr'><strong><em>τουτέστι</em></strong></span> <span class='ocrx_word' id='word_1_48' title='bbox 617 890 679 974; x_wconf 81' lang='grc' dir='ltr'><strong><em>τὴν</em></strong></span> <span class='ocrx_word' id='word_1_49' title='bbox 703 893 889 972; x_wconf 76' lang='grc' dir='ltr'><strong><em>Σαλαμῖνα.</em></strong></span> 
     </span>
    </p>
   </div>
   <div class='ocr_carea' id='block_1_3' title="bbox 86 1059 1155 1634">
    <p class='ocr_par' dir='ltr' id='par_1_3' title="bbox 86 1059 1155 1634">
     <span class='ocr_line' id='line_1_8' title="bbox 134 1059 1152 1133; baseline 0 -17"><span class='ocrx_word' id='word_1_50' title='bbox 134 1068 170 1118; x_wconf 88' lang='grc'><strong><em>16</em></strong></span> <span class='ocrx_word' id='word_1_51' title='bbox 189 1062 279 1133; x_wconf 83' lang='grc' dir='ltr'><strong><em>τρισλυ</em></strong></span> <span class='ocrx_word' id='word_1_52' title='bbox 298 1059 319 1117; x_wconf 84' lang='grc' dir='ltr'><strong>ὦ</strong></span> <span class='ocrx_word' id='word_1_53' title='bbox 338 1063 443 1118; x_wconf 84' lang='grc' dir='ltr'><strong><em>άιοσσα</em></strong></span> <span class='ocrx_word' id='word_1_54' title='bbox 460 1063 591 1130; x_wconf 64' lang='grc' dir='ltr'><strong><em>τάξεσιν</em></strong></span> <span class='ocrx_word' id='word_1_55' title='bbox 611 1096 643 1105; x_wconf 98' lang='grc'><strong>-</strong></span> <span class='ocrx_word' id='word_1_56' title='bbox 663 1063 713 1128; x_wconf 78' lang='grc' dir='ltr'><strong><em>τὰς</em></strong></span> <span class='ocrx_word' id='word_1_57' title='bbox 727 1062 846 1125; x_wconf 80' lang='grc' dir='ltr'><strong><em>ἔκπλους</em></strong></span> <span class='ocrx_word' id='word_1_58' title='bbox 860 1062 885 1114; x_wconf 92' lang='grc' dir='ltr'>Η</span> <span class='ocrx_word' id='word_1_59' title='bbox 904 1095 937 1103; x_wconf 97' lang='grc'>-</span> <span class='ocrx_word' id='word_1_60' title='bbox 959 1069 991 1117; x_wconf 77' lang='grc'><strong><em>17</em></strong></span> <span class='ocrx_word' id='word_1_61' title='bbox 1006 1061 1152 1129; x_wconf 77' lang='grc' dir='ltr'><strong><em>διεξόδους</em></strong></span> 
     </span>
     <span class='ocr_line' id='line_1_9' title="bbox 137 1129 1152 1204; baseline 0 -16"><span class='ocrx_word' id='word_1_62' title='bbox 137 1134 164 1188; x_wconf 88' lang='grc' dir='ltr'>Η</span> <span class='ocrx_word' id='word_1_63' title='bbox 183 1166 214 1176; x_wconf 91' lang='grc'>-</span> <span class='ocrx_word' id='word_1_64' title='bbox 234 1135 284 1190; x_wconf 83' lang='grc' dir='ltr'><strong><em>καλ</em></strong></span> <span class='ocrx_word' id='word_1_65' title='bbox 302 1135 353 1199; x_wconf 85' lang='grc' dir='ltr'><strong><em>τὰς</em></strong></span> <span class='ocrx_word' id='word_1_66' title='bbox 371 1131 409 1202; x_wconf 80' lang='grc' dir='ltr'><strong><em>ἐξ.</em></strong></span> <span class='ocrx_word' id='word_1_67' title='bbox 430 1153 484 1191; x_wconf 89' lang='lat' dir='ltr'><strong><em>om.</em></strong></span> <span class='ocrx_word' id='word_1_68' title='bbox 504 1135 558 1190; x_wconf 90' lang='lat' dir='ltr'><strong><em>OH</em></strong></span> <span class='ocrx_word' id='word_1_69' title='bbox 584 1168 617 1176; x_wconf 97' lang='lat'>—</span> <span class='ocrx_word' id='word_1_70' title='bbox 644 1131 783 1202; x_wconf 76' lang='grc' dir='ltr'><strong><em>ἐξελάσεις</em></strong></span> <span class='ocrx_word' id='word_1_71' title='bbox 800 1133 898 1204; x_wconf 86' lang='lat' dir='ltr'>vulgo,</span> <span class='ocrx_word' id='word_1_72' title='bbox 918 1130 1040 1196; x_wconf 77' lang='grc' dir='ltr'><strong><em>ἐλεόσεις</em></strong></span> <span class='ocrx_word' id='word_1_73' title='bbox 1058 1134 1092 1200; x_wconf 84' lang='lat' dir='ltr'><strong><em>V,</em></strong></span> <span class='ocrx_word' id='word_1_74' title='bbox 1113 1129 1152 1200; x_wconf 78' lang='grc' dir='ltr'><strong><em>ἐξ·</em></strong></span> 
     </span>
     <span class='ocr_line' id='line_1_10' title="bbox 138 1203 1153 1276; baseline 0 -17"><span class='ocrx_word' id='word_1_75' title='bbox 138 1206 259 1271; x_wconf 79' lang='grc' dir='ltr'><strong><em>ελεόσεις</em></strong></span> <span class='ocrx_word' id='word_1_76' title='bbox 276 1206 329 1261; x_wconf 91' lang='lat' dir='ltr'><strong><em>Dd.</em></strong></span> <span class='ocrx_word' id='word_1_77' title='bbox 349 1225 383 1261; x_wconf 87' lang='lat' dir='ltr'><strong><em>ex</em></strong></span> <span class='ocrx_word' id='word_1_78' title='bbox 402 1208 423 1260; x_wconf 92' lang='lat' dir='ltr'>P</span> <span class='ocrx_word' id='word_1_79' title='bbox 442 1239 476 1248; x_wconf 97' lang='lat'><em>-</em></span> <span class='ocrx_word' id='word_1_80' title='bbox 501 1211 533 1261; x_wconf 89' lang='lat'><strong><em>18</em></strong></span> <span class='ocrx_word' id='word_1_81' title='bbox 552 1207 672 1276; x_wconf 79' lang='grc' dir='ltr'><strong><em>ἀθηυῶυ</em></strong></span> <span class='ocrx_word' id='word_1_82' title='bbox 691 1209 714 1261; x_wconf 95' lang='lat' dir='ltr'>V</span> <span class='ocrx_word' id='word_1_83' title='bbox 735 1238 768 1246; x_wconf 91' lang='lat'><em>-</em></span> <span class='ocrx_word' id='word_1_84' title='bbox 792 1205 840 1260; x_wconf 83' lang='grc' dir='ltr'><strong><em>καλ</em></strong></span> <span class='ocrx_word' id='word_1_85' title='bbox 858 1203 962 1268; x_wconf 81' lang='grc' dir='ltr'><strong><em>τόπους</em></strong></span> <span class='ocrx_word' id='word_1_86' title='bbox 979 1206 1153 1268; x_wconf 82' lang='grc' dir='ltr'><strong><em>θαλασσίους</em></strong></span> 
     </span>
     <span class='ocr_line' id='line_1_11' title="bbox 138 1275 1152 1348; baseline -0.004 -16"><span class='ocrx_word' id='word_1_87' title='bbox 138 1277 223 1348; x_wconf 88' lang='lat' dir='ltr'>vulgo</span> <span class='ocrx_word' id='word_1_88' title='bbox 248 1310 281 1320; x_wconf 89' lang='lat'>—</span> <span class='ocrx_word' id='word_1_89' title='bbox 311 1283 344 1333; x_wconf 82' lang='lat'><strong><em>19</em></strong></span> <span class='ocrx_word' id='word_1_90' title='bbox 363 1277 447 1345; x_wconf 83' lang='grc' dir='ltr'><strong><em>τάξαι</em></strong></span> <span class='ocrx_word' id='word_1_91' title='bbox 467 1278 524 1333; x_wconf 81' lang='grc' dir='ltr'><strong><em>ἀπὸ</em></strong></span> <span class='ocrx_word' id='word_1_92' title='bbox 542 1286 641 1333; x_wconf 80' lang='grc' dir='ltr'><strong><em>κοινοῦ</em></strong></span> <span class='ocrx_word' id='word_1_93' title='bbox 660 1277 804 1346; x_wconf 84' lang='lat' dir='ltr'>vulgoDd.</span> <span class='ocrx_word' id='word_1_94' title='bbox 824 1308 860 1316; x_wconf 98' lang='lat'>-</span> <span class='ocrx_word' id='word_1_95' title='bbox 877 1276 1019 1331; x_wconf 84' lang='grc' dir='ltr'><strong><em>κόκλοθευ</em></strong></span> <span class='ocrx_word' id='word_1_96' title='bbox 1040 1275 1099 1331; x_wconf 87' lang='grc' dir='ltr'><strong><em>ΟΡ,</em></strong></span> <span class='ocrx_word' id='word_1_97' title='bbox 1120 1307 1152 1316; x_wconf 86' lang='grc'>-</span> 
     </span>
     <span class='ocr_line' id='line_1_12' title="bbox 140 1347 1153 1420; baseline -0.003 -16"><span class='ocrx_word' id='word_1_98' title='bbox 140 1354 173 1404; x_wconf 88' lang='lat'><strong><em>18</em></strong></span> <span class='ocrx_word' id='word_1_99' title='bbox 184 1367 244 1420; x_wconf 80' lang='lat' dir='ltr'>sqq.</span> <span class='ocrx_word' id='word_1_100' title='bbox 263 1351 329 1420; x_wconf 80' lang='lat' dir='ltr'>post</span> <span class='ocrx_word' id='word_1_101' title='bbox 347 1351 521 1412; x_wconf 85' lang='grc' dir='ltr'><strong><em>θαλασσίους</em></strong></span> <span class='ocrx_word' id='word_1_102' title='bbox 539 1348 570 1402; x_wconf 90' lang='lat' dir='ltr'><strong><em>in</em></strong></span> <span class='ocrx_word' id='word_1_103' title='bbox 587 1349 614 1402; x_wconf 93' lang='lat' dir='ltr'><strong>H</strong></span> <span class='ocrx_word' id='word_1_104' title='bbox 632 1367 735 1404; x_wconf 88' lang='lat' dir='ltr'>novum</span> <span class='ocrx_word' id='word_1_105' title='bbox 754 1348 842 1404; x_wconf 79' lang='lat' dir='ltr'><strong>schol.</strong></span> <span class='ocrx_word' id='word_1_106' title='bbox 861 1347 972 1416; x_wconf 77' lang='lat' dir='ltr'>incipit,</span> <span class='ocrx_word' id='word_1_107' title='bbox 991 1365 1047 1416; x_wconf 87' lang='lat' dir='ltr'><strong><em>quo</em></strong></span> <span class='ocrx_word' id='word_1_108' title='bbox 1066 1347 1153 1402; x_wconf 83' lang='lat' dir='ltr'><strong>verba</strong></span> 
     </span>
     <span class='ocr_line' id='line_1_13' title="bbox 138 1419 1154 1490; baseline -0.001 -16"><span class='ocrx_word' id='word_1_109' title='bbox 138 1420 205 1476; x_wconf 81' lang='lat' dir='ltr'>inde</span> <span class='ocrx_word' id='word_1_110' title='bbox 224 1440 242 1477; x_wconf 81' lang='lat' dir='ltr'><strong>a</strong></span> <span class='ocrx_word' id='word_1_111' title='bbox 259 1419 343 1488; x_wconf 79' lang='grc' dir='ltr'><strong><em>τάξαι</em></strong></span> <span class='ocrx_word' id='word_1_112' title='bbox 360 1420 410 1484; x_wconf 82' lang='grc' dir='ltr'><strong><em>τὰς</em></strong></span> <span class='ocrx_word' id='word_1_113' title='bbox 428 1428 499 1490; x_wconf 77' lang='grc' dir='ltr'><strong><em>νῆας</em></strong></span> <span class='ocrx_word' id='word_1_114' title='bbox 518 1437 605 1488; x_wconf 82' lang='lat' dir='ltr'><strong>usque</strong></span> <span class='ocrx_word' id='word_1_115' title='bbox 625 1420 662 1474; x_wconf 82' lang='lat' dir='ltr'><strong><em>ad</em></strong></span> <span class='ocrx_word' id='word_1_116' title='bbox 680 1421 853 1482; x_wconf 79' lang='grc' dir='ltr'><strong><em>θαλασσίους</em></strong></span> <span class='ocrx_word' id='word_1_117' title='bbox 871 1419 1025 1487; x_wconf 75' lang='lat' dir='ltr'>iterantur,</span> <span class='ocrx_word' id='word_1_118' title='bbox 1055 1420 1107 1473; x_wconf 81' lang='lat' dir='ltr'><strong><em>sed</em></strong></span> <span class='ocrx_word' id='word_1_119' title='bbox 1125 1419 1154 1473; x_wconf 86' lang='lat' dir='ltr'><strong><em>in</em></strong></span> 
     </span>
     <span class='ocr_line' id='line_1_14' title="bbox 138 1489 1155 1561; baseline -0.003 -14"><span class='ocrx_word' id='word_1_120' title='bbox 138 1494 192 1548; x_wconf 84' lang='lat' dir='ltr'><strong><em>hoo</em></strong></span> <span class='ocrx_word' id='word_1_121' title='bbox 211 1492 269 1548; x_wconf 83' lang='lat' dir='ltr'><strong>sch.</strong></span> <span class='ocrx_word' id='word_1_122' title='bbox 287 1493 364 1547; x_wconf 75' lang='lat' dir='ltr'>recte</span> <span class='ocrx_word' id='word_1_123' title='bbox 382 1492 447 1555; x_wconf 78' lang='grc' dir='ltr'><strong><em>τους</em></strong></span> <span class='ocrx_word' id='word_1_124' title='bbox 466 1490 584 1556; x_wconf 77' lang='grc' dir='ltr'><strong><em>ἔκπλους</em></strong></span> <span class='ocrx_word' id='word_1_125' title='bbox 602 1490 738 1561; x_wconf 78' lang='lat' dir='ltr'>scriptum</span> <span class='ocrx_word' id='word_1_126' title='bbox 757 1493 807 1546; x_wconf 77' lang='lat' dir='ltr'><strong>est.</strong></span> <span class='ocrx_word' id='word_1_127' title='bbox 834 1490 904 1544; x_wconf 87' lang='lat' dir='ltr'><strong><em>Tum</em></strong></span> <span class='ocrx_word' id='word_1_128' title='bbox 924 1491 1056 1546; x_wconf 77' lang='lat' dir='ltr'><strong>secuntur</strong></span> <span class='ocrx_word' id='word_1_129' title='bbox 1070 1489 1155 1553; x_wconf 84' lang='grc' dir='ltr'><strong><em>ἄλλας</em></strong></span> 
     </span>
     <span class='ocr_line' id='line_1_15' title="bbox 86 1562 491 1634; baseline -0.005 -14"><span class='ocrx_word' id='word_1_130' title='bbox 86 1564 88 1568; x_wconf 72' lang='grc'><strong>’</strong></span> <span class='ocrx_word' id='word_1_131' title='bbox 138 1562 171 1620; x_wconf 70' lang='grc' dir='ltr'><strong><em>δὲ</em></strong></span> <span class='ocrx_word' id='word_1_132' title='bbox 190 1571 261 1633; x_wconf 79' lang='grc' dir='ltr'><strong><em>νῆας</em></strong></span> <span class='ocrx_word' id='word_1_133' title='bbox 281 1607 286 1619; x_wconf 95' lang='grc'>.</span> <span class='ocrx_word' id='word_1_134' title='bbox 307 1604 313 1617; x_wconf 93' lang='grc'><strong><em>.</em></strong></span> <span class='ocrx_word' id='word_1_135' title='bbox 333 1566 491 1634; x_wconf 79' lang='grc' dir='ltr'><strong><em>Σαλαμῖνα.</em></strong></span> 
     </span>
    </p>
   </div>
   <div class='ocr_carea' id='block_1_4' title="bbox 212 3337 1162 3430">
    <p class='ocr_par' dir='ltr' id='par_1_4' title="bbox 212 3337 1162 3430">
     <span class='ocr_line' id='line_1_16' title="bbox 212 3337 1162 3430; baseline -0.007 -19"><span class='ocrx_word' id='word_1_136' title='bbox 212 3345 277 3412; x_wconf 80' lang='grc'><strong><em>372</em></strong></span> <span class='ocrx_word' id='word_1_137' title='bbox 288 3365 359 3430; x_wconf 87' lang='lat' dir='ltr'><strong>sqq.</strong></span> <span class='ocrx_word' id='word_1_138' title='bbox 405 3344 450 3421; x_wconf 85' lang='grc' dir='ltr'><strong><em>ὡς</em></strong></span> <span class='ocrx_word' id='word_1_139' title='bbox 473 3343 505 3408; x_wconf 77' lang='grc' dir='ltr'><strong><em>εἰ</em></strong></span> <span class='ocrx_word' id='word_1_140' title='bbox 526 3343 645 3428; x_wconf 66' lang='grc' dir='ltr'><strong><em>μόρους</em></strong></span> <span class='ocrx_word' id='word_1_141' title='bbox 670 3340 818 3407; x_wconf 80' lang='grc' dir='ltr'><strong><em>ἀπὸτοῦ</em></strong></span> <span class='ocrx_word' id='word_1_142' title='bbox 842 3343 1084 3426; x_wconf 80' lang='grc' dir='ltr'><strong><em>ιλιηγηματικοῦ</em></strong></span> <span class='ocrx_word' id='word_1_143' title='bbox 1108 3337 1162 3405; x_wconf 76' lang='grc' dir='ltr'><strong><em>ἐπὶ</em></strong></span> 
     </span>
    </p>
   </div>
   <div class='ocr_carea' id='block_1_5' title="bbox 127 3496 1161 3648">
    <p class='ocr_par' dir='ltr' id='par_1_5' title="bbox 127 3496 1161 3648">
     <span class='ocr_line' id='line_1_17' title="bbox 214 3496 1161 3589; baseline -0.003 -33"><span class='ocrx_word' id='word_1_144' title='bbox 214 3509 228 3556; x_wconf 81' lang='grc'><em>1</em></span> <span class='ocrx_word' id='word_1_145' title='bbox 248 3500 356 3557; x_wconf 74' lang='lat' dir='ltr'><strong>lemma</strong></span> <span class='ocrx_word' id='word_1_146' title='bbox 372 3500 404 3556; x_wconf 89' lang='lat' dir='ltr'><strong><em>in</em></strong></span> <span class='ocrx_word' id='word_1_147' title='bbox 422 3501 449 3556; x_wconf 93' lang='grc' dir='ltr'>Η</span> <span class='ocrx_word' id='word_1_148' title='bbox 467 3532 500 3541; x_wconf 98' lang='grc'>-</span> <span class='ocrx_word' id='word_1_149' title='bbox 520 3499 578 3556; x_wconf 84' lang='grc' dir='ltr'><strong><em>ἀπὸ</em></strong></span> <span class='ocrx_word' id='word_1_150' title='bbox 596 3507 647 3555; x_wconf 80' lang='grc' dir='ltr'><strong><em>τοῦ</em></strong></span> <span class='ocrx_word' id='word_1_151' title='bbox 667 3543 673 3556; x_wconf 93' lang='grc'><strong>.</strong></span> <span class='ocrx_word' id='word_1_152' title='bbox 694 3542 699 3555; x_wconf 94' lang='grc'>.</span> <span class='ocrx_word' id='word_1_153' title='bbox 719 3496 869 3589; x_wconf 61' lang='grc' dir='ltr'><strong><em>μιμητικόν</em></strong></span> <span class='ocrx_word' id='word_1_154' title='bbox 889 3513 943 3553; x_wconf 87' lang='lat' dir='ltr'><strong><em>om.</em></strong></span> <span class='ocrx_word' id='word_1_155' title='bbox 963 3497 1020 3551; x_wconf 89' lang='lat' dir='ltr'><strong><em>VH</em></strong></span> <span class='ocrx_word' id='word_1_156' title='bbox 1043 3528 1077 3539; x_wconf 97' lang='lat'>-</span> <span class='ocrx_word' id='word_1_157' title='bbox 1104 3496 1161 3554; x_wconf 83' lang='grc' dir='ltr'><strong><em>ἀπὸ</em></strong></span> 
     </span>
     <span class='ocr_line' id='line_1_18' title="bbox 127 3567 1058 3648; baseline -0.006 -23"><span class='ocrx_word' id='word_1_158' title='bbox 127 3573 344 3643; x_wconf 65' lang='lat' dir='ltr'><strong><em>dammum)</em></strong></span> <span class='ocrx_word' id='word_1_159' title='bbox 362 3573 459 3648; x_wconf 77' lang='lat' dir='ltr'><strong>vulgo,</strong></span> <span class='ocrx_word' id='word_1_160' title='bbox 481 3571 539 3632; x_wconf 77' lang='grc' dir='ltr'><strong><em>ἀπὸ</em></strong></span> <span class='ocrx_word' id='word_1_161' title='bbox 559 3579 615 3630; x_wconf 81' lang='grc' dir='ltr'><strong><em>τῶν</em></strong></span> <span class='ocrx_word' id='word_1_162' title='bbox 635 3574 816 3645; x_wconf 75' lang='grc' dir='ltr'><strong><em>διηγηματυυ</em></strong></span> <span class='ocrx_word' id='word_1_163' title='bbox 834 3567 1009 3636; x_wconf 52' lang='grc' dir='ltr'><strong><em>θῖλολῦσλ</em></strong></span> <span class='ocrx_word' id='word_1_164' title='bbox 1026 3599 1058 3609; x_wconf 91' lang='grc'>-</span> 
     </span>
    </p>
   </div>
   <div class='ocr_carea' id='block_1_6' title="bbox 0 0 1224 3856">
    <p class='ocr_par' dir='ltr' id='par_1_6' title="bbox 0 0 1224 3856">
     <span class='ocr_line' id='line_1_19' title="bbox 0 0 1224 3856; baseline 0 0"><span class='ocrx_word' id='word_1_165' title='bbox 0 0 1224 3856; x_wconf 95' lang='lat' dir='ltr'><strong><em> </em></strong></span> 
     </span>
    </p>
   </div>
  </div>
 </body>
</html>
