2430 3856
512 155 723 209 PRAEFATIO.

175 315 324 403 Denique
346 333 380 383 v.
405 313 499 382 1043
523 316 558 379 in
582 314 617 378 M
640 316 694 381 hic
718 258 782 380 esti

390 479 458 554 λϋζε
481 474 579 559 μέλος
602 476 688 560 ὁμοῦ
710 480 825 553 τιθείς.

108 639 226 722 Quem,
253 659 325 703 cum
354 636 580 721 antistrophae
604 637 711 701 verbis
740 636 916 724 ἐιιορθίοιζε
944 645 1010 702 νῦν
1032 639 1126 720 γόοις

108 767 174 810 non
203 743 408 828 respondeat,
431 741 675 809 Heimsoethius
704 743 758 830 (de
783 745 938 829 Aeschyli
967 745 1124 810 memoria

108 875 139 937 p.
160 853 202 918 78
210 849 293 938 sqq.)
316 851 363 916 sic
381 850 580 916 emendavit:
605 854 673 929 λϋζε
691 859 757 915 νῦν
776 850 980 936 ὁμόρροθον.
1018 853 1127 937 Atque

109 959 161 1024 his
185 959 315 1043 quidem
343 957 382 1022 de
410 958 527 1023 causis.
572 957 695 1024 Vocem
719 956 817 1042 μέλος
840 959 919 1024 dicit
945 959 1128 1043 explicandi

111 1088 209 1132 causa
241 1064 439 1148 adscriptam
472 1052 556 1144 esse,
589 1066 673 1130 sicut
705 1067 738 1129 in
773 1066 874 1131 schol.
897 1065 992 1130 BGL
1014 1089 1041 1132 v.
1061 1066 1127 1131 946

108 1173 179 1256 ἥσω
204 1187 259 1237 σοι
281 1171 494 1255 πάγκλαυτον
517 1170 616 1256 μέλος
639 1169 691 1258 (cl.
711 1172 777 1238 sch.
798 1175 826 1236 A
845 1173 916 1256 ilco
934 1170 991 1238 καὶ
1009 1172 1127 1257 πέμψω

111 1285 245 1364 θρῆνον
268 1276 423 1344 καλλίων
448 1278 688 1365 πανόδυριον).
730 1279 888 1345 Similiter
906 1302 935 1344 v.
954 1279 1020 1345 550
1044 1285 1127 1361 αλρω

112 1388 258 1470 δοκίμως
293 1391 491 1470 πολυπενθῆ
522 1387 556 1451 in
585 1385 617 1451 V
646 1387 838 1452 adnotatum
856 1391 920 1451 est
949 1388 1033 1469 νόον
1069 1387 1128 1470 δη-

111 1495 226 1559 λονότι
245 1490 300 1577 (cf.
320 1495 384 1558 soh.
404 1492 460 1578 A).
506 1494 607 1579 Aqui
631 1494 716 1578 apud
741 1493 958 1578 Byzantinum
981 1494 1061 1557 haec
1085 1494 1128 1556 le·

112 1605 248 1686 guntur:
271 1600 345 1682 ἤτοι
369 1597 648 1685 συνηρμοσμένον
669 1597 725 1664 καὶ
744 1598 889 1683 ἁρμόζον
906 1608 946 1685 τῇ
967 1599 1028 1685 ἐμῇ
1047 1617 1129 1682 συμ-
1187 1678 1190 1683 ⁴

112 1714 202 1794 φορᾷ
227 1709 296 1783 telle
317 1703 373 1770 καὶ
396 1708 528 1790 θρήνει,
551 1728 634 1790 quae
657 1728 760 1790 neque
785 1707 824 1770 ad
846 1697 946 1789 μέλος
964 1729 1068 1792 neque
1088 1708 1129 1771 ad

113 1814 198 1900 ὁμοῦ
226 1815 348 1895 τιθείς,
377 1814 433 1878 sed
457 1814 498 1877 ad
524 1812 721 1878 adiectivum
743 1834 803 1896 pro
827 1812 981 1878 adverbio
1005 1813 1131 1876 adhibi-

111 1926 196 2005 tum,
226 1921 336 2006 qualia
359 1913 488 2005 saepius
513 1920 552 1985 ad
576 1919 674 1984 verba
697 1919 833 1984 sonandi
858 1925 1036 2005 ponuntur,
1060 1942 1130 2004 per-

112 2029 228 2095 tinent
275 2025 338 2094 Sed
369 2027 398 2093 si
426 2030 499 2113 quis
526 2027 561 2092 in
588 2027 776 2093 universum
803 2050 877 2093 cum
901 2026 1128 2092 Heimsoethio

113 2135 228 2218 faciat,
254 2135 294 2200 de
322 2136 395 2218 ipso
424 2139 533 2199 tamen
557 2135 657 2199 verbo
686 2134 866 2200 substituto
891 2134 1030 2216 dubitet,
1055 2157 1130 2200 con·

112 2242 200 2308 ferat
218 2242 281 2308 hoc
300 2242 400 2307 schol.
419 2241 453 2306 M
469 2243 509 2306 ad
525 2238 604 2306 Cho.
618 2242 684 2308 578
701 2242 915 2323 adscriptum:
937 2240 1128 2324 ἀρτίκολλα]

114 2351 307 2437 σύμφωνοι
347 2346 403 2415 καὶ
443 2349 546 2432 ὑγιῶς
586 2351 913 2433 συναρμοζόμενα
955 2371 1027 2413 cum
1069 2348 1130 2413 hac

57 2512 60 2518 .
116 2460 227 2543 glossa
249 2456 420 2542 Hesychii:
445 2457 692 2541 ὁμορροθεϊν
716 2455 808 2540 ὁμοῦΙ
825 2454 933 2521 ἕλκειν
956 2453 1011 2520 καὶ
1035 2473 1130 2538 συμ-

114 2576 275 2650 φωνεῖν.
320 2565 470 2648 Apparet
501 2565 601 2628 verba
634 2563 837 2651 ὁμορροθειν
868 2567 900 2627 et
930 2564 1130 2646 συναρμόζε-

117 2678 199 2737 σθοιι
217 2673 303 2736 inter
321 2693 355 2735 se
374 2671 577 2754 respondere,
601 2693 674 2736 oum
692 2672 821 2754 utrique
840 2669 1037 2754 respondeat
1051 2685 1130 2754 συμ-

117 2789 255 2865 φωνεῖν.
300 2777 415 2863 Itaque
434 2779 465 2842 h.
480 2779 499 2843 l.
519 2778 559 2842 ad
578 2777 774 2863 ὀμόρροθον
794 2777 972 2842 scholiasta
991 2776 1131 2841 scribere

114 2887 235 2972 potuit:
264 2883 542 2970 συνηρμοσμένον
569 2883 624 2950 καὶ
648 2884 793 2969 ἁρμόζον
816 2892 855 2970 τῇ
879 2883 940 2969 ἐμῇ
964 2891 1131 2971 συμφορᾷ.

114 2991 229 3080 Neque
254 2994 363 3058 minus
387 3015 426 3056 ex
450 2992 606 3076 Hesychii
628 2992 898 3076 interpretatione
919 2990 1005 3075 ὁμοῦ
1023 2991 1132 3056 ἕλκειν

116 3102 221 3167 elucet
244 3098 330 3184 ὁμοῦ
352 3097 460 3176 τιθεὶς
480 3101 581 3164 verba
605 3100 754 3164 adnotari
778 3100 930 3184 potuisse.

184 3207 247 3272 His
271 3207 428 3291 exemplis
453 3207 536 3272 addo
556 3207 817 3291 antiquissimam
841 3207 932 3270 illam
950 3205 1131 3288 lectionem,

116 3337 199 3401 quae
218 3336 291 3380 eum
310 3311 508 3401 γρ(ιλφειιιι)
529 3335 627 3397 supra
641 3336 771 3379 versum
791 3315 921 3377 servata
936 3314 993 3376 est.
1026 3307 1132 3394 Supra

115 3420 214 3507 βέλεα
237 3438 270 3489 v.
290 3418 360 3487 272
385 3422 420 3486 in
443 3420 473 3486 V
492 3421 611 3506 legitur
628 3444 680 3504 γρ.
700 3417 810 3504 μέλεα,
833 3417 919 3502 quod
939 3417 978 3481 ad
998 3416 1133 3502 σώματα

116 3553 146 3596 v.
160 3530 227 3596 278
245 3529 408 3614 pertinere
423 3531 547 3594 certum
563 3533 621 3593 est.
657 3525 744 3592 Nam
760 3546 893 3590 versum
906 3523 1150 3603 antisttoonae
