2430 3856
475 168 515 219 IN
532 167 565 220 V.
585 170 736 221 491-500.

93 329 160 393 491
182 326 313 394 ἐκεῖθεν
331 327 373 391 Η.
395 364 433 374 -
457 326 520 392 ἀπὸ
541 324 578 392 δὲ

95 444 155 518 τῆς
178 443 239 520 γῆς
255 446 324 500 τῶν
345 433 490 500 Φωκέων
510 432 579 500 ἐδί-

95 541 175 620 ξατο
192 542 278 626 ἡμᾶς
296 541 316 626 ἡ
331 551 373 626 κῆ
387 542 408 626 ἡ
424 540 578 626 Ἀκαῒολῑ

99 685 136 695 -
164 650 230 714 492
250 648 578 734 ἐστερημένουςΗΘ.

94 753 151 820 καλ
178 754 360 841 χρῄζοντος
390 766 516 841 τροφῆς
539 757 579 823 V.

95 900 139 911 -
164 864 230 929 493
259 863 344 929 ὅπου
367 863 408 929 V.
432 901 474 912 -
504 867 581 930 λίαν

93 967 216 1035 πολλοὶ
230 969 271 1036 V.
292 1006 331 1018 -
357 971 529 1053 ἔ<οανον>
540 970 580 1036 V.

97 1113 141 1123 -
166 1077 233 1142 494
251 1075 390 1159 *δι’ψει]
410 1085 455 1165 τῷ
471 1066 512 1142 V.
537 1115 581 1125 -

97 1185 181 1269 δίψη
206 1181 262 1248 καλ
282 1187 380 1269 πείνη
394 1184 433 1248 V.
452 1222 497 1232 —
515 1186 581 1250 495

97 1287 214 1376 (immo
224 1287 306 1379 492)
319 1290 408 1368 τινές
422 1311 505 1376 φασι
519 1293 582 1375 τὴν

98 1397 276 1480 Λάρισσαν
312 1397 333 1482 ἢ
365 1400 427 1482 τὴν
455 1397 583 1482 ’Ἀρνην

98 1503 213 1590 (αίνην
228 1503 314 1590 eod.)
327 1505 369 1570 H.
386 1544 424 1554 -
441 1507 508 1572 496
522 1527 582 1571 πο-

98 1620 207 1696 ταμοῦ
229 1611 271 1676 Η.
302 1613 408 1697 ὄνομα
431 1619 582 1696 ποταμοῦ

98 1719 138 1786 Η·
165 1756 203 1766 .-

98 1827 164 1890 497
181 1828 281 1910 λίμνη
297 1828 444 1915 Θρᾳκικὴ
455 1824 580 1890 VH.-
636 1828 700 1892 497
711 1823 851 1913 Θρᾴκης.
862 1863 902 1872 -
915 1828 1016 1909 λίμνη
1032 1827 1117 1909 Θρᾳ-

101 1933 203 2010 &daos
221 1933 395 2019 κάθυγρον
409 1933 449 1998 V.
467 1971 504 1980 —
525 1933 583 1999 κοί-
635 1935 720 2016 κικη.
738 1971 781 1980 —-

101 2045 210 2124 λαμον
232 2040 273 2106 V.
301 2078 338 2089 -
368 2060 583 2126 περιφραοτι-

98 2157 166 2223 κῶς
189 2149 236 2224 είς
257 2148 320 2231 την
338 2151 461 2232 λίμνην
479 2148 521 2214 H.
542 2185 580 2195 —

100 2255 270 2342 Θρᾳκικὸν
307 2256 386 2338 ὄρος
415 2255 455 2321 V.
505 2257 584 2337 ὄρος

102 2357 236 2448 Θρᾴκης
249 2360 291 2426 Η.
313 2398 352 2408 -
373 2361 439 2428 498
463 2361 518 2426 καλ
536 2364 584 2440 είς

99 2469 162 2552 τὴν
180 2467 221 2533 V.
248 2505 285 2516 ·-
315 2470 451 2534 Φωκίδα
474 2469 516 2534 Η.
543 2507 581 2517 -

101 2575 167 2640 499
218 2574 427 2660 παράκαιρον
477 2575 584 2641 HGL.
638 2579 704 2645 499
728 2579 817 2660 παρὰ
840 2580 965 2659 καιρόν.
989 2614 1025 2623 -

100 2682 191 2764 παρὰ
222 2684 340 2766 καιρὸν
372 2682 399 2746 Β
433 2682 488 2767 (οὐ
520 2685 585 2767 γὰρ

101 2789 583 2874 χειμωνικὸς[χειμονικὸ901ν]

101 2890 144 2978 ἦν
182 2894 201 2960 ὁ
241 2894 272 2976 [ὁ
306 2919 369 2961 om.
397 2895 438 2978 B]
472 2897 586 2978 καιρὸς

102 3002 173 3066 add.
209 2999 326 3089 BGL).
360 3039 401 3048 —
440 3004 585 3088 διήγειρε

102 3108 183 3173 VH.
218 3145 256 3155 -
294 3106 402 3173 *ἀντὶ
433 3118 495 3176 τοῦ
518 3109 586 3194 ἐξη-

102 3239 182 3300 ρανε
206 3214 246 3280 V.
269 3253 314 3262 —

103 3323 170 3388 500
218 3323 324 3407 ὄνομα
365 3333 516 3408 ποταμοῦ
548 3323 586 3389 V.
641 3324 707 3389 500
758 3321 924 3407 Στρυμὼν
976 3323 1122 3406 ποταμὸς

104 3439 256 3514 ποταμοῦ
281 3427 413 3517 Θρηίκης
433 3430 471 3496 H.
494 3468 531 3478 —
643 3427 784 3518 Θρᾴκης.
802 3467 840 3476 -
