2430 3856
94 135 161 201 270
526 136 684 189 scflomA

165 300 249 364 1057
297 301 357 364 καί
376 323 433 383 μοι
456 300 604 382 γενείουι
638 295 780 382 ληπτέον
804 296 931 376 ἔξωθεν
953 297 991 362 τὸ
1015 280 1117 362 κόπτε

94 404 115 490 ἢ
138 407 241 470 τίλλε·
265 406 372 489 ίίγουν
395 408 484 471 τίλλε
505 403 560 470 καὶ
579 405 640 490 την
659 407 803 489 λευκήρη
822 402 878 480 καὶ
896 405 1041 490 γηραιδιν
1059 402 1116 469 καί

95 512 348 596 πεπολιωμένην
374 516 469 597 τρίχα
496 521 557 578 τοῦ
586 520 648 577 σοῦ
671 515 805 595 γενείου
830 508 874 576 δι’
897 511 980 595 ἐμὴν
1005 512 1115 597 χάριν.

96 620 217 696 άλλως·
245 619 359 705 πέρθε.
406 621 441 684 οί
466 616 503 684 δὲ
526 619 712 705 γράφοντες
735 618 863 704 ὕπερθε
886 617 1029 702 ἀμαθεῖς
1052 625 1116 684 τοῦ

67 724 226 812 ιμέτρου.

168 872 182 920 1
210 866 315 920 lemma
342 865 477 920 exhibent
496 865 614 920 VH—
642 865 673 919 τδ
698 863 783 919 κόπτε
806 862 870 932 ηἰοι
891 866 964 920 τίλλε
987 863 1037 918 καὶ
1062 863 1115 934 τὴν

94 937 146 992 Dd.
150 938 258 991 VH-
278 943 294 991 2
314 937 363 992 καὶ
380 937 504 1008 γηραιὰν
522 939 588 1007 post
605 935 821 1026 πεπολιφμένην
835 936 992 1004 transpos't
969 955 978 990 1
993 954 1011 991 ε.
1028 935 1116 1006 vulgo

94 1039 129 1049 -
148 1016 164 1063 3
183 1017 233 1063 τοῦ
252 1026 306 1064 om.
322 1011 401 1062 H-
421 1009 543 1064 4verba
561 1009 627 1062 inde
646 1008 681 1061 ab
701 1007 789 1070 ἄλλως
808 1024 862 1062 om
878 1007 934 1060 VH

164 1191 249 1255 1058
288 1189 305 1254 ὁ
329 1190 429 1274 χορὸς
453 1192 604 1265 είπόντος
621 1198 682 1254 τοῦ
701 1187 842 1275 Ξέρξου·
865 1188 954 1252 τίλλε
977 1185 1033 1253 καὶ
1052 1189 1115 1272 την

95 1297 158 1380 σὴν
187 1297 342 1379 γενειάδα
369 1299 488 1382 φησίν·
518 1295 615 1380 άπρὶξ
643 1293 698 1360 καὶ
727 1296 844 1360 διόλου
871 1295 959 1379 μάλα
987 1296 1113 1378 γόεδνα

94 1401 149 1468 καὶ
177 1407 254 1468 λίαν
281 1410 436 1489 λυπηρῶς
467 1401 522 1468 καὶ
553 1414 678 1488 γοερῶς
704 1407 804 1467 τίλλει
832 1399 887 1467 καὶ
915 1405 1026 1467 κόπτω
1054 1404 1115 1480 τὰς

94 1514 208 1596 τρίχας
230 1520 291 1576 τοῦ
314 1514 447 1594 γενείου
470 1534 545 1595 μου.

168 1657 181 1704 1
207 1650 261 1720 δχ
264 1651 413 1713 ,ἀκούσας
437 1649 565 1714 εἰπόντος
587 1658 677 1705 ταῦτα
699 1658 793 1708 ταῦτα
772 1650 893 1705 Ἷτίλλε
911 1648 963 1718 τὴν
984 1649 1036 1718 σὴν
1056 1653 1114 1703 κτλ,

93 1721 156 1790 Dd.,
176 1721 305 1785 εἰπόντος
323 1730 372 1777 τοῦ
392 1720 504 1791 ξέρξου·
523 1725 618 1778 τίλλε.
635 1720 790 1812 ,γενειάδα
809 1720 823 1775 δ
839 1741 921 1791 χορος
935 1721 1113 1790 ‹971qu-

94 1793 144 1848 καί
172 1796 237 1848 ante
264 1793 317 1863 τὴν
343 1794 441 1848 addidi
468 1810 482 1847 e
508 1795 590 1848 V·-
618 1814 670 1862 την
699 1792 750 1862 σὴν
771 1811 829 1862 γεν.
848 1795 920 1846 τίλλε
944 1791 1014 1862 φησὶ
1032 1791 1060 1845 Η
1079 1823 1114 1832 -

94 1865 281 1935 2ἄπρὶγξο,
308 1865 433 1935 ἀκρίγδα
451 1864 568 1920 Dd.-
596 1863 636 1919 δι’
653 1863 719 1919 όλου
737 1863 851 1917 Ι)δ,-
881 1867 1046 1932 3λυπηρῶς
1064 1862 1113 1917 καὶ

95 1952 149 1992 om
164 1937 242 1991 V—
261 1938 328 2006 post
346 1945 460 2007 γοερῶςε
481 1932 621 2008 ἐπίρρημα
639 1937 747 1990 VH-
773 1933 872 1989 καί
840 1955 932 1989 κοπτω
951 1936 1037 2004 vulgo
1057 1951 1113 1991 om.

95 2041 129 2048 -
149 2015 167 2062 4
185 2017 239 2079 μοῦ
257 2010 343 2078 vulgo

160 2172 226 2234 ibd.
272 2171 430 2254 άπριγδαε
466 2179 566 2235 τοῦτο
598 2169 796 2254 ἐπιφώνημα
828 2167 884 2234 καὶ
922 2168 1114 2253 ἐπίφθεγμα

95 2274 149 2341 ἐπὶ
171 2287 240 2341 τῶν
263 2278 343 2361 μετὰ
365 2277 594 2362 σφοδρότητος
611 2279 793 2341 τιλλόντων
812 2278 869 2352 τὰς
886 2278 1013 2359 τρίχας·
1037 2272 1113 2340 άυτί

93 2393 154 2450 τοῦ
182 2382 420 2468 ἐπιτεταμένως
447 2381 502 2448 καί
530 2381 628 2465 ἀπρὶξ
655 2381 711 2448 καὶ
740 2375 814 2449 οἷον
842 2383 994 2467 ἐμμανῶς
1021 2384 1112 2447 τίλλε

93 2493 152 2568 τάς
174 2494 295 2576 τριᾝχας
340 2489 549 2576 τοίςοῦδηδί

168 2638 181 2684 1
209 2631 313 2684 lemma
341 2631 434 2683 V—
464 2629 579 2685 initium
605 2630 691 2698 vulgo
720 2629 772 2684 sic:
801 2627 859 2684 ἔστι
882 2626 914 2683 δὲ
937 2628 969 2683 τδ
991 2625 1110 2698 ἄπριγδ’

94 2702 219 2791 ἄπριγδα
238 2697 459 2790 ἕκιφάνημα-
480 2709 495 2756 3
515 2701 565 2756 καὶ
584 2700 698 2769 οόπέριξ
712 2700 792 2754 V—
821 2703 893 2755 τίλλε
912 2700 961 2754 καὶ
980 2697 1066 2754 κόπτε
1088 2701 1111 2753 V

93 2805 128 2815 —
152 2772 237 2835 4τόις
260 2769 362 2827 ἑαυτοῦ
385 2775 482 2842 τρίχας
503 2772 619 2828 Dd.—
647 2773 680 2824 In
704 2772 726 2823 V
751 2773 804 2827 hoc
828 2774 857 2827 et
880 2772 956 2842 quod
983 2771 1113 2839 sequitur

95 2845 181 2900 schol.
200 2850 266 2914 post
255 2846 373 2900 t.schol
391 2863 417 2898 v.
439 2851 507 2899 1063
527 2845 633 2914 scripta
652 2845 724 2898 sunt.

160 3025 226 3091 ibd.
272 3025 359 3108 μάλα
383 3025 518 3107 γόεδναι
541 3027 615 3109 ἤτοι
639 3023 719 3089 έδνα
743 3022 798 3088 καὶ
818 3025 909 3108 δῶρα
928 3034 998 3099 τοῖς
1016 3025 1111 3106 γόοις

93 3130 147 3199 καὶ
175 3143 245 3209 τοίς
272 3135 416 3218 θρήνοις
445 3132 614 3216 διδόμενα.
660 3131 808 3214 σύνηθες
836 3132 899 3215 γὰρ
927 3141 998 3207 τοῖς
1024 3136 1111 3214 θρη-

93 3250 192 3307 νοῦσι
215 3243 339 3305 τίλλειν
362 3242 420 3316 τάς
444 3238 572 3304 εαυτῶν
595 3240 716 3323 τρίχας.
762 3236 966 3324 vulgoDd..V

167 3388 180 3435 1
201 3378 264 3448 ἤτοι
283 3378 352 3436 ἕδνα
372 3398 425 3436 om.
440 3380 518 3434 V—
545 3385 561 3432 2
587 3378 724 3450 διδόμενα
744 3373 943 3468 ἐφειμένον
913 3397 966 3448 γαρ
986 3346 1112 3467 σύνηθες

93 3459 152 3515 τοῖς
169 3453 192 3506 V
208 3453 294 3544 χθονί.
302 3451 439 3523 διδόμενα
454 3448 620 3522 ἐφειμένοις.
651 3451 774 3519 σύνηθες
791 3449 845 3520 γδιρ
864 3450 994 3517 τοῖς)-
1024 3446 1111 3511 θτδις

86 3526 186 3595 τρίχας
203 3531 315 3581 εαυταν
330 3523 355 3580 V
