2430 3856
125 189 190 253 218
556 189 715 242 SOHOLIA

125 347 230 439 ήρξαν
247 360 304 436 τῆς
323 354 502 435 βασιλείας,
521 345 746 436 Ἀρταφρένης
771 347 808 416 ἀὲ
826 348 882 416 καὶ
901 355 1046 436 Δαρεῖος
1066 351 1140 440 (οὐχ

126 457 143 524 ὁ
175 467 237 523 τοῦ
265 457 392 544 Ξέρξου
419 461 541 543 πατήρ,
567 454 642 524 ἀλλ’
669 456 804 544 ἕτερος),
839 455 896 523 καὶ
926 459 1022 524 ἀλλοι
1053 456 1141 537 τινὲς

86 591 111 630 15
126 569 220 650 φίλοι
248 565 359 632 αὐτῶν
386 574 445 650 τῆς
467 565 570 651 ἀρχῆς
594 565 716 641 αὐτοὺς
737 565 959 649 καταβιβάσαι
978 569 1140 651 συνεβου-

124 673 296 738 λεύσαντο.
342 675 585 756 καταγαγόντες
618 668 655 737 ἀὲ
687 671 811 749 αὐτοὺς
838 673 953 756 ήριζον
979 671 1057 758 περὶ
1084 682 1140 757 τῆς

124 782 302 862 βασιλείας.
349 780 385 844 οί
411 776 473 864 μέν
504 774 566 844 οὖν
597 779 693 844 ἀλλοι
721 778 842 856 πάντες
871 779 995 863 ταύτην
1026 783 1140 864 λαβεῖν

124 886 304 952 ἀπείπαντο
333 888 498 971 φήσαντες
526 884 728 970 ἐλευθέρους
751 884 890 964 ἑαυτοὺς
912 881 1000 952 εἶναι
1023 887 1139 971 βούλε-

59 1074 61 1078 ³
123 999 206 1057 σθαι
235 991 290 1058 καὶ
319 991 392 1078 μήτ’
423 994 537 1078 ἀρχειν
567 988 643 1077 μήτ’
675 994 838 1077 ἀρχεοθαι
870 991 924 1058 καλ
956 992 1137 1059 ἀπολαύειν

85 1121 111 1160 εο
124 1109 192 1164 τῶν
219 1108 277 1184 τῆς
304 1099 406 1186 ἀρχῆς
434 1102 565 1165 δεινῶν.
607 1097 832 1184 Ἀρταφρένης
857 1096 894 1165 δέ
917 1098 972 1165 καὶ
995 1107 1140 1186 Δαρεῖος

124 1200 232 1272 ἀθλον
266 1209 384 1272 ἔθεντο
416 1208 454 1272 τὸ
488 1201 565 1291 μεθ’
596 1206 707 1271 ἵππων
738 1208 887 1291 δραμεῖν.
938 1205 1073 1284 οὔτινος
1105 1201 1135 1270 θ’

123 1314 221 1391 ἵππος
252 1315 335 1401 πρὸς
366 1314 428 1398 τήν
461 1315 591 1379 νύσσαν
620 1312 731 1377 ἐλθὼν
761 1316 976 1397 χρεμετίσειε,
1008 1314 1138 1390 πάντας

124 1420 223 1498 αὐτὸς
249 1418 305 1486 καὶ
332 1430 389 1505 τῆς
417 1420 519 1507 ἀρχῆς
547 1419 749 1504 ἐπιλάβηται.
796 1419 813 1484 ὁ
838 1414 900 1485 οὖν
923 1425 1070 1503 Δαρεῖος
1091 1422 1135 1508 τῷ

124 1527 295 1614 ίπποκόμφ
320 1527 425 1592 αὑτοῦ
448 1525 524 1612 περὶ
546 1527 669 1591 τούτου
693 1525 946 1591 ἀνεκοινώσατο.
984 1520 1083 1604 οὗτος
1102 1522 1137 1591 δέ

84 1654 109 1695 ει
123 1645 246 1717 χιτῶνα
274 1633 387 1717 λαβὼν
415 1630 471 1699 καὶ
494 1639 540 1721 τῷ
564 1642 621 1716 τῆς
643 1636 782 1717 θηλείας
804 1635 1010 1718 προστρίήιας
1032 1637 1136 1722 μορίφ

122 1738 268 1805 δέδωκεν
295 1739 385 1828 αὐτῷ
415 1740 572 1806 ἐπειπών·
601 1739 659 1823 (ῆν
683 1736 718 1804 θ’
742 1738 784 1803 ἀν
812 1739 904 1823 ὥραν
932 1738 949 1804 ὁ
977 1737 1078 1816 λππος
1099 1748 1137 1824 τῆ
1176 1823 1181 1834 Ι

122 1847 229 1934 νύσση
248 1850 463 1933 προσεγγίση,
483 1855 663 1932 τηναιαῠτα
680 1849 804 1930 στήσας
820 1845 922 1912 αὐτὸν
936 1854 982 1933 τῷ
998 1855 1137 1931 μυκτῆρι

122 1954 226 2019 αὐτοῦ
255 1957 315 2020 τὸν
344 1965 468 2038 χιτῶνα
498 1953 696 2037 προσάγαγε.
742 1950 798 2018 καὶ
826 1948 924 2030 οὗτος
950 1962 1008 2036 τῆς
1033 1953 1138 2038 ὀδμῆς

121 2066 178 2143 τῆς
205 2063 344 2144 θηλείας
371 2058 573 2136 αίσθανθελς
599 2059 808 2145 χρεμετίσει’.
854 2059 872 2125 ὃ
899 2058 955 2125 ιιαλ
979 2064 1137 2144 πεποίηκε

82 2189 109 2229 ιο
122 2163 177 2231 καλ
204 2167 287 2231 κατὰ
311 2165 431 2250 κράτος
454 2168 592 2249 νικήσας
615 2175 672 2249 τῆς
695 2167 796 2252 ἀρχῆς
819 2166 1005 2251 ἐπελάβετο.
1049 2163 1138 2245 τινες

122 2269 159 2336 δὲ
191 2271 278 2337 οὕτω
309 2269 392 2356 φασὶ
422 2271 596 2356 γενέσθαι,
634 2272 685 2337 ὅτι
720 2273 802 2337 κατά
834 2274 894 2337 τὸν
929 2273 1048 2358 καιρὸν
1080 2282 1137 2358 τῆς

121 2381 240 2456 νυκτὸς
263 2378 281 2445 ὁ
309 2379 491 2462 ἱπποκόμος
517 2378 554 2444 ἐν
578 2388 623 2467 τῷ
647 2381 781 2468 καμπτῷ
803 2380 992 2463 φορβάἀιον
1016 2383 1138 2464 στήσας

121 2487 215 2570 ἀιῆμε
238 2487 297 2551 τὸν
320 2486 422 2551 ἵππον
443 2482 500 2550 καὶ
523 2487 767 2565 συνουσιάζετο.
802 2481 903 2564 οὗτος
924 2483 963 2552 ἀὲ
982 2485 1137 2553 καὶκατὰ

122 2790 155 2838 13
174 2782 205 2839 δὲ
225 2802 279 2839 om.
298 2784 384 2853 vulgo
403 2816 439 2824 —
458 2783 543 2838 verba
562 2785 611 2838 καὶ
630 2791 752 2853 Δαρεῖος
771 2827 799 2839 ..
820 2783 913 2856 ἕτερος
931 2802 984 2840 om.
1006 2787 1027 2839 P
1046 2803 1136 2841 vacuo

120 2858 216 2909 tamen
236 2854 328 2925 spatio
347 2855 447 2910 relicto
466 2887 503 2895 -
523 2861 556 2910 14
575 2853 636 2910 ἀλλ’
657 2856 775 2919 ἀλλοςΟ
796 2888 830 2896 -
851 2863 883 2912 15
902 2858 1094 2931 κατεβίβασαν
1103 2857 1135 2925 Ρ,

121 2926 170 3052 ηφί
182 2925 281 3052 οὗολὶῆα.
297 2927 384 3052 ιοήιολ.
399 2944 454 3018 οαιΞ
472 2958 509 2967 -
527 2923 771 3052 έῆονλεὸλσῧῆτονῆ
790 2959 826 2967 -
847 2935 878 2982 16
890 2927 990 3054 1ἀερτζοιι
1000 2929 1136 3055 2vu'lgoss—

119 3017 225 3140 σαλεῦον
237 3016 339 3124 -Μ19
364 3008 675 3140 μήτ’έαίῗεῖιήτξῃάώὲο
703 3004 762 3109 ’ζῆ
775 3017 811 3124 ἐξ
834 3066 880 3125 ἐπὶ
902 3001 1137 3154 τὴνβοὸήῗάἀῗ

120 3137 212 3196 ἐλθὼν
232 3158 284 3197 om.
305 3141 329 3194 V
347 3173 383 3182 —-
406 3147 441 3194 24
459 3140 538 3209 παρὰ
557 3140 590 3210 V,
609 3139 644 3194 τὰ
662 3140 726 3211 περὶ
746 3139 850 3210 O(Dd.)
873 3174 909 3182 -
932 3149 966 3196 25
986 3138 1137 3212 ἐπιτρίψας

119 3211 172 3268 Dd.
190 3242 227 3254 -—
245 3211 320 3285 μόρῳ
337 3212 362 3267 V
380 3244 416 3253 —
435 3217 469 3267 28
489 3212 574 3281 ὀσμῆς
590 3210 694 3282 (0)Dd.
708 3243 744 3252 -
763 3219 796 3267 29
815 3213 959 3277 θοσίαςλί
978 3246 1010 3254 -
1032 3215 1137 3270 αἰσθα-

119 3282 239 3354 νόμενος
256 3284 341 3353 vulgo
362 3316 394 3325 -
415 3284 601 3354 χρεμετίσειεν
621 3283 674 3338 OV
693 3314 727 3324 —
747 3290 781 3340 30
800 3284 849 3338 καὶ
867 3284 899 3339 τὸ
917 3283 1019 3355 κράτος
1036 3286 1090 3340 Dd.
1102 3318 1135 3326 -

120 3351 271 3411 ἐπελαάετο
291 3355 315 3409 V
337 3388 374 3396 —
401 3355 489 3418 ἀλλοις
511 3361 577 3408 ante
599 3351 675 3418 τινὲς
696 3355 777 3410 inser.
797 3354 903 3425 Dd.(O)
932 3388 966 3397 -
994 3364 1026 3411 31
1048 3356 1137 3421 οὕτως

119 3427 206 3496 vulgo
221 3458 254 3468 -
270 3433 303 3482 θλ
348 3424 482 3494 ορβάδιον
498 3424 600 3494 στήσας
614 3421 645 3480 έν
659 3427 697 3499 τῷ
712 3432 829 3500 καμπτῷ
843 3426 877 3495 V3
897 3425 1057 3501 φορβάἀιον
1072 3427 1134 3494 0V;

101 3496 239 3622 οφαρήσα,
261 3447 404 3569 ηοοάΒά.
424 3496 570 3570 praetulit,
589 3496 726 3569 vulgo-
744 3504 777 3553 33
798 3498 992 3566 σονοοζιάζετο
1009 3501 1032 3554 V
1049 3532 1081 3542 -
1102 3497 1134 3556 δὲ

119 3584 155 3620 m,
215 3601 254 3610 —
