2430 3856
482 165 521 216 IN
540 167 571 220 V.
592 169 742 219 453-459.

100 773 167 838 453
200 772 361 854 ἐνταῦθα]
395 774 504 856 ἦχουν
536 773 583 849 είς
627 804 635 815 ·’

99 879 225 962 ταύτην
256 880 318 962 τὴν
350 888 456 964 νῆσον
479 880 515 944 L.
539 918 583 928 —

101 985 119 1050 ὁ
156 983 280 1071 Ξέρξης
315 984 387 1051 VL.
425 1025 467 1036 -
504 989 583 1064 τοὺς

101 1091 235 1177 Πέρσας
249 1092 321 1158 VL.
342 1131 387 1139 -
405 1093 469 1158 ἀπὸ
484 1092 523 1158 V.
541 1131 579 1141 -

99 1199 166 1264 454
185 1201 265 1282 μετὰ
278 1205 413 1284 φθορᾶς
427 1200 581 1280 ἐξελθόν-

99 1328 153 1382 τες
175 1305 210 1370 L.
233 1305 433 1390 ἡττηθέντες
450 1305 523 1372 BG.
537 1343 583 1354 —

99 1412 136 1476 οί
148 1410 307 1497 Ἕλληνες
331 1413 401 1479 BG.
417 1451 459 1460 -
479 1415 526 1490 είς
539 1413 582 1478 Η.

99 1519 147 1595 είς
164 1519 227 1602 τὴν
241 1518 313 1584 BG.
337 1521 385 1597 είς
398 1521 460 1604 τὴν
474 1530 582 1606 νῆσον

636 987 703 1052 453
727 985 745 1051 ι
769 985 893 1073 νει
915 984 999 1076 (τι).
1027 1025 1063 1034 -

636 1199 703 1266 454
721 1198 796 1266 ἀντὶ
810 1209 871 1265 τοῦ
889 1201 970 1286 μετὰ
984 1207 1119 1286 φθορᾶς

637 1303 819 1384 ἐξέλθοιεν.
844 1344 886 1355 —-

99 1625 134 1691 L.
159 1664 201 1672 -
231 1625 426 1706 ἐκσώζοιντο
455 1627 497 1695 Η.
529 1628 580 1694 έκ-
631 1663 634 1669 ·

99 1732 267 1810 σώζωνται
281 1734 317 1800 L.
343 1771 381 1782 -
407 1736 481 1818 ἤτοι
500 1735 581 1818 μετὰ

99 1845 234 1923 φθορᾶς
253 1839 437 1919 ἐξέλθωσιν
459 1842 494 1906 οί
506 1839 582 1907 Ἕλ-

98 1953 196 2030 ληνες
208 1947 247 2012 V.
262 1986 302 1995 -
319 1949 386 2014 455
400 1949 579 2033 φονεύοιεν

98 2054 135 2118 οί
164 2052 293 2139 Πέρσαι
320 2055 361 2120 V.
387 2093 426 2102 -
457 2057 580 2143 ῥᾳδίως

97 2144 351 2245 κρατηθένταλί.
367 2162 491 2250 ῥᾳδίως
502 2188 580 2250 κρα-

97 2268 262 2352 τούμενον
285 2267 327 2334 Η.
347 2306 389 2316 -
413 2270 479 2336 456
502 2273 581 2348 τοὺς

97 2376 241 2452 οἰκείους
293 2372 446 2462 (ὁμοίους
496 2376 580 2464 cod.)

97 2480 232 2565 Πέρσας
255 2482 295 2547 V.
317 2521 360 2530 -—
382 2487 579 2549 θαλασσίων

96 2588 167 2654 VL.
205 2588 270 2654 ἀπὸ
292 2601 359 2655 τῶν
382 2593 579 2656 θαλασσίων

96 2696 136 2760 H·
157 2734 200 2744 -.

96 2839 160 2904 457
199 2831 334 2905 σκοπῶν
368 2839 577 2906 VHBG.-

96 2943 166 3010 έπεὶ
182 2945 328 3010 VHBG.
352 2985 394 2994 —
419 2947 437 3013 ὁ
457 2952 578 3013 Ποσει-

95 3053 165 3117 δῶν
180 3051 220 3117 V.
236 3090 278 3098 -
297 3053 363 3119 458
383 3054 501 3138 μάχης]
520 3055 576 3118 διὰ

95 3159 136 3223 Η.
169 3167 227 3242 τῆς
254 3163 440 3244 ναυμαχίας
462 3159 501 3225 V.
534 3198 576 3206 -

95 3265 196 3344 δόξαν
240 3264 381 3330 ¹VBGrL
429 3264 577 3352 (κρίτος,

94 3369 263 3457 ὑπεροχὴν
292 3373 363 3437 add.
393 3371 511 3460 ΗΘΒ).
538 3410 576 3419 -

94 3478 160 3543 459
184 3479 268 3564 αὐτῇ
293 3488 332 3564 τῇ
356 3478 463 3568 ἡμέρα
476 3479 516 3545 V.
536 3518 578 3526 -

633 2836 697 2901 457
724 2847 857 2902 σκοπῶν
881 2833 962 2924 (gl.).
989 2875 1026 2884 -

632 3051 697 3117 458
721 3060 779 3134 τῆς
801 3054 993 3136 ναυμαχίας.
1021 3089 1058 3098 -
