2430 3856
112 181 177 245 238
544 182 701 234 SOHOLIA

109 342 300 429 Ἀχελωίδες
318 353 417 428 νῆσοι
435 353 496 409 τοῦ
510 345 727 428 Στρυμονίου
740 341 905 425 πελάγους
920 341 958 405 αί
973 340 1127 426 πάροικοι

112 462 179 516 τῶν
203 454 359 537 Θρῃκίων
383 451 537 530 ἐπαύλων
560 451 667 534 ἤγουν
689 458 747 534 τῆς
771 445 914 537 Θρᾴκης.
960 447 1001 514 V.

112 597 128 645 3
148 592 289 661 θρηικίων
304 591 329 643 V
344 623 376 632 —
397 586 541 646 έπαόλεοον
559 591 676 660 vulgov
691 621 723 632 ·-
743 586 846 656 h'iotV

180 826 245 891 874
256 848 324 910 sqq.
361 827 480 910 λίμνης
503 826 642 890 ἔκτοθεν
665 825 772 907 ἤγουν
796 823 833 888 αλ
853 821 981 900 ἔξωθεν
999 821 1124 887 θαλάσ-

112 950 179 1016 σης.
208 927 279 997 εἶτα
297 931 510 1016 παρακατιὼν
530 931 767 1016 ἐφερμηνεύων
785 933 901 1016 φησίν,
925 928 976 994 ὅτι
1000 928 1126 1005 ἐκείνας

111 1036 205 1121 λέγω,
230 1041 268 1103 αλ
287 1040 369 1104 κατὰ
392 1039 453 1123 τῆν
476 1037 597 1124 χέρσον
620 1038 821 1104 ἐλαύνουσαι
843 1037 903 1102 τὸν
921 1037 1052 1121 πύργον
1071 1033 1124 1100 καὶ

110 1147 171 1229 την
195 1147 390 1231 οίκοὸομῆν,
412 1148 518 1231 ἤγουν
542 1147 586 1222 ὡς
609 1143 662 1211 ἐπὶ
679 1146 717 1210 τὸ
736 1149 892 1210 πλεῖστον
911 1140 966 1209 καλ
985 1143 1124 1227 μάλιστα

83 1262 148 1338 ετῆ
168 1251 274 1340 χέρσῳ
294 1253 543 1337 πλησιάζουσαι,
563 1253 685 1318 τούτου
704 1260 765 1316 τοῦ
783 1253 924 1328 άνακτος
943 1249 1123 1332 ὑπῆκουον,

110 1362 216 1443 ἤγουν
239 1369 299 1426 τοῦ
323 1363 487 1445 Δαρείου,
518 1359 700 1444 αὐχόμεναι
722 1360 796 1442 ἤτοι
819 1352 921 1442 αὗχος
943 1357 1047 1422 αὐτὸν
1069 1353 1122 1421 καὶ

110 1468 261 1552 καύχημα
292 1469 427 1550 ἔχουσαι
457 1463 533 1550 περὶ
562 1467 622 1530 τὸν
649 1468 777 1531 πλατὺν
804 1463 859 1530 καὶ
888 1464 992 1547 εὐρὺν
1019 1466 1122 1547 πόρον

109 1583 167 1656 τῆς
185 1571 318 1657 Ἕλλης·
347 1573 392 1649 ὡς
417 1572 512 1659 μέχρι
530 1568 757 1658 Ὑπερβορέων
780 1571 1045 1656 παρατεινοόσης
1067 1577 1121 1652 τῆς

109 1693 176 1744 τῶν
200 1685 342 1764 Περσῶν
367 1679 477 1765 ἆθλῆς·
523 1677 720 1767 0P(Dd.)V.

181 1842 195 1890 1
215 1839 315 1907 λίμνας
328 1833 354 1891 τ’
372 1834 503 1908 ἔκτοθεν]
519 1835 607 1907 ἤγουν
626 1839 681 1890 κτλ.
696 1836 751 1892 Dd.
767 1868 800 1877 -
818 1835 907 1905 ἤγουν
923 1878 929 1890 .
945 1878 951 1891 .
967 1837 1063 1905 φησίν,
1083 1833 1123 1890 ὅτι

109 1908 202 1962 om.V
227 1940 261 1949 -
291 1905 474 1964 λέκεῖναιΡ
501 1941 533 1949 -
563 1905 627 1962 3λέ
647 1927 672 1962 ει
689 1907 744 1964 Dd.
768 1939 800 1948 —
829 1907 879 1962 καλ
899 1906 951 1976 τὴν
970 1907 1121 1976 οἰκοδομὴν

109 1996 163 2034 om.
177 1979 230 2034 Dd.
256 2012 287 2020 —
317 1987 404 2049 4pr0
423 1977 511 2050 ἤγουν
531 1980 579 2042 ὡςι
609 1979 736 2042 ουτωςλί
758 2011 792 2020 -
821 1978 1072 2046 ἐπιτρπλεῖστονλῑ
1090 2009 1121 2018 -

108 2050 157 2105 καλ
175 2051 294 2121 μάλιστα
313 2067 367 2107 om.
380 2051 433 2106 Dd.
448 2082 483 2092 —
503 2058 518 2106 5
537 2049 738 2118 πλησιάζονται
756 2049 808 2107 Dd.
824 2081 858 2092 -
876 2050 1000 2120 όπῆκοοι
1016 2050 1070 2105 Dd.
1090 2080 1120 2090 -

108 2127 124 2174 6
149 2119 210 2188 ἤτοι
232 2138 284 2191 pro
307 2121 440 2192 ἤγουνλῑ
468 2155 504 2163 -
536 2119 691 2192 αὐχόμεναι
710 2124 735 2177 V
755 2125 783 2177 et
806 2123 885 2179 oodd.
905 2139 976 2178 rece.
996 2123 1027 2177 in
1045 2123 1123 2176 textu

103 2193 216 2258 ¹Aesch„
241 2193 404 2264 αόχόμεναι
422 2192 475 2249 Dd.
495 2225 529 2234 -
549 2191 676 2264 αόχονλ
702 2225 735 2234 -
765 2195 907 2250 Ὶπλατλιν
925 2193 975 2248 καλ
993 2213 1046 2250 om.
1061 2193 1121 2260 Dd.,

107 2263 156 2318 καλ
176 2264 261 2334 εόρλιν
280 2283 334 2320 om.
349 2264 375 2318 V
394 2296 428 2304 —
452 2265 520 2328 8ὡς
538 2281 592 2320 om.
607 2264 633 2318 V
659 2297 691 2306 -
721 2263 854 2336 μέχριςλί
874 2297 906 2307 -
932 2266 996 2335 περὶ
1016 2262 1121 2338 βορέαν

107 2335 317 2406 περιτεινοόσης
336 2335 386 2390 ΟΡ

173 3015 239 3080 880
274 3016 375 3098 μυχία
394 3038 428 3079 τε
447 3013 652 3100 Προποντλςε
672 3014 735 3080 ἀπὸ
754 3027 871 3082 κοινοῦ
889 3017 926 3082 τὸ
947 3007 1019 3082 οἷαί
1034 3017 1119 3082 εἰσιν

106 3121 143 3185 αι’
159 3119 235 3204 περὶ
253 3122 312 3186 τὸν
328 3119 572 3206 Ἑλλήσποντον
591 3122 652 3207 τῆν
669 3129 799 3208 οίκησιν
815 3125 958 3208 ἔχουσαι.
995 3122 1016 3207 ἤ
1032 3128 1120 3206 Προ·

105 3233 221 3305 ποντίς
248 3252 296 3313 τε,
324 3231 398 3312 ἤτοι
422 3238 483 3294 τοῦ
506 3230 671 3309 Εὐξείνου
689 3231 868 3316 πελάγους,
896 3230 916 3313 ἤ
941 3233 1042 3315 μυχία
1066 3227 1121 3296 καλ

104 3336 125 3420 ἤ
154 3335 191 3402 έν
214 3348 332 3422 μυχοῖς
353 3345 415 3402 τοῦ
434 3333 683 3421 Ἑλλησπόντου
706 3336 851 3423 κειμένη,
874 3335 990 3403 καὶτὸ
1015 3341 1120 3422 στόμα

175 3500 187 3546 1
210 3493 242 3550 τό
261 3491 294 3550 δὲ
311 3495 400 3566 μυχία
418 3492 610 3566 προποντλςῆ
630 3527 659 3535 -
682 3503 697 3550 2
717 3493 734 3564 ἤ
753 3496 907 3567 προποντλς
922 3496 953 3551 τὸ
968 3493 1057 3567 στόμα
1070 3503 1119 3551 τοῦ

85 3564 146 3630 νύξ.
166 3570 229 3624 πελ,
251 3567 276 3622 V
294 3600 327 3610 -
347 3575 366 3624 4
386 3567 405 3642 ἤ
424 3585 481 3626 om.
500 3565 588 3638 vulgo
