2430 3856
141 168 184 233 80
285 130 290 137 ¹
571 169 728 220 εοΗοιιΑ

209 329 272 395 229
319 329 403 396 ἀλλὰ
431 329 472 413 δὴ
501 332 544 396 σύ
572 329 589 395 6
617 341 748 412 πρῶτος
770 329 915 406 ὐκούσας
937 335 999 394 τοῦ
1022 327 1161 414 ὀνείρου

141 435 301 513 εὐνοϊκῶς
328 437 597 520 συνεβούλευσας
624 435 864 514 ἐξιλείισασθαι
893 435 1076 520 οὐρανίους
1103 434 1161 502 καί

140 547 384 628 καταχθονίους
408 545 577 628 δαίμονας.
623 542 789 628 vulgoDd.

209 1077 274 1143 229
286 1099 356 1162 sqq.
402 1075 558 1157 ἐξιλεοίιο
587 1076 638 1141 δίε
668 1079 711 1141 σὺ
738 1075 810 1160 μέν,
838 1079 954 1159 φησίν,
983 1076 1001 1142 6
1028 1087 1160 1162 πρῶτος

143 1184 288 1261 ἀκούσας
310 1193 371 1248 τοῦ
394 1183 530 1270 ὀνείρου
551 1183 721 1269 ἐκύρωσας
739 1181 795 1248 καὶ
813 1183 1016 1266 ἐβεβαίωσας
1034 1184 1160 1268 ταύτην

142 1293 204 1376 τὴν
231 1293 359 1377 φήμην·
391 1291 428 1356 τὸ
456 1297 562 1356 θῦσαι
590 1291 748 1373 δηλονότι
776 1300 846 1367 τοῖς
873 1295 968 1367 θεοῖς
991 1285 1075 1376 ὑπὲρ
1098 1299 1160 1356 τοῦ

142 1399 262 1475 παιδὸς
292 1408 354 1463 τοῦ
387 1398 469 1482 ἐμοῦ
500 1395 556 1463 καὶ
588 1408 656 1463 τῶν
688 1396 776 1481 ἐμῶν
809 1403 920 1464 οίκων.
966 1402 1040 1462 είθε
1069 1394 1107 1462 δὲ
1138 1397 1159 1481 ἡ

117 1503 310 1583 εὲξιλέωσις
333 1507 381 1582 είς
403 1504 536 1588 ἀγαθὸν
559 1504 712 1587 ἄκοβαίη.
757 1514 860 1570 ταῦτα
889 1501 941 1585 δέ,
970 1503 1016 1580 ὡς
1042 1502 1161 1588 λέγεις,

143 1612 251 1677 πάντα
273 1614 456 1696 ποιήσομεν
478 1621 548 1689 τοῖς
569 1635 604 1677 σε
627 1618 722 1688 θεοῖς
743 1609 798 1676 καλ
821 1621 892 1688 τοῖς
909 1610 997 1676 κάτω
1016 1621 1160 1697 νεκροῖς,

104 1748 109 1759 ·
142 1719 267 1785 ὁκόταν
290 1717 489 1804 ἀπέλθωμεν
513 1721 560 1795 είς
581 1721 660 1795 τούς
683 1724 796 1795 οίκους
818 1717 922 1802 ἡμῶν.

297 1876 324 1931 σί
345 1885 454 1947 πρῶτος
473 1877 498 1929 Η
528 1907 560 1916 -
589 1875 731 1945 δπρῶιος
750 1919 756 1930 ,
777 1919 782 1930 .
803 1875 915 1944 ὀνείρου
937 1875 1023 1944 vulgo
1048 1889 1105 1929 om.
1126 1906 1159 1915 -

143 1956 158 2002 2
186 1884 430 2018 μύεθφύκύρωσαςι
459 1946 508 2000 καὶ
536 1947 669 2010 εὐνοϊκῶς
697 1946 917 2072 συνερούλευσας
943 1945 996 2000 Dd.
1016 1962 1050 2000 ex
1074 1944 1098 2000 O
1124 1977 1157 1986 -

143 2026 159 2074 5
179 2020 330 2091 ἀποβαίνοι
348 2019 434 2087 vulgo
455 2051 486 2058 —
507 2024 522 2072 6
541 2037 571 2073 τε
591 2017 690 2072 addidi
709 2035 743 2072 ex

210 2253 276 2318 234
321 2256 398 2334 τῆλε
421 2252 504 2334 πρὸς
533 2253 673 2335 δυσμὰςε
702 2250 882 2335 ἐρωτηθεὶς
905 2252 923 2318 6
947 2252 1062 2337 χορός,
1092 2259 1160 2316 ποῦ

144 2357 280 2444 λέγουσι
302 2361 360 2436 τὰς
379 2356 524 2442 Ἀθήνας
546 2361 720 2423 κεκιίσθαι
742 2356 797 2423 καλ
821 2359 857 2423 ἐν
881 2361 965 2444 ποίῳ
990 2356 1081 2442 μέρει
1102 2366 1163 2442 τῆς

143 2476 213 2551 γῆς,
237 2465 341 2552 φησὶν
371 2466 422 2531 ὅτι
450 2466 581 2550 μακρὰν
608 2466 692 2551 πρὸς
714 2467 772 2542 τδις
795 2467 924 2548 δυσμδις
945 2475 1013 2530 τῶν
1035 2469 1163 2548 φθινα-

144 2575 279 2659 σμοίιων
301 2582 362 2639 τοῦ
384 2579 470 2638 θεοῦ
488 2567 616 2637 Ἡλίου.
654 2569 805 2648 ὁἭλιος
822 2573 886 2656 γὰρ
905 2574 994 2656 παρὰ
1013 2568 1163 2656 Πέρσαις

118 2690 284 2765 ιτιμᾶιαι.
331 2680 578 2764 φθινασμάτων
603 2677 652 2744 δέ·
675 2690 743 2745 τῶν
767 2678 904 2762 λήξεων,
931 2688 998 2743 τῶν
1022 2679 1162 2762 δυσμῶν

144 2788 164 2872 ἣ
188 2799 255 2853 τῶν
275 2789 405 2853 δύσεων
423 2785 444 2870 ἢ
463 2797 530 2852 τῶν
551 2787 744 2864 ἐκλείψεων·
768 2786 822 2852 ὅτε
841 2787 905 2871 γὰρ
926 2786 1000 2850 δύει
1019 2784 1037 2849 6
1056 2785 1163 2867 ἥλιος,

144 2895 294 2961 ἐκλείπει.
341 2897 443 2960 ἔνθεν
464 2891 520 2959 καὶ
543 2892 602 2973 λίψ
626 2894 643 2958 6
668 2895 789 2978 ἄνεμος
813 2892 830 2957 6
855 2893 919 2957 οάιὸ
944 2893 1091 2975 δυσμῶν.

217 3059 230 3105 1
252 3051 359 3122 δυσμὰς
373 3052 398 3104 Η
412 3051 479 3122 (vid.
490 3071 516 3122 p.
526 3051 612 3118 XXI),
632 3049 736 3103 lemma
754 3049 835 3104 deest
851 3050 882 3104 in
899 3050 926 3104 V
945 3080 977 3088 -
999 3044 1089 3123 ἐρωτᾷ
1111 3047 1162 3103 τόν

144 3124 230 3195 χορὸν
248 3120 402 3193 ἡλλιοσσα,
421 3131 476 3177 πού
495 3127 552 3178 κτλ.
571 3123 656 3190 atque
674 3123 736 3175 tum
755 3123 807 3176 καί
822 3139 909 3191 φησιν
927 3121 954 3175 V
973 3152 1007 3162 -
1026 3128 1042 3173 2
1062 3126 1163 3187 κεκτῆ-

146 3200 216 3250 σθαι
229 3196 261 3260 V,
282 3193 424 3249 ἔκκσισται
437 3194 471 3261 Η,
491 3197 660 3264 κρατεῖσθαι
673 3192 760 3262 vulgo
779 3225 813 3234 -
832 3193 881 3247 καλ
896 3209 949 3246 οω.
964 3192 992 3245 H
1012 3222 1043 3231 -
1066 3200 1081 3244 3
1100 3197 1164 3253 ταῖς

145 3270 264 3338 δυσμαῖς
281 3265 466 3335 vulgoDdH,
484 3264 534 3327 τὰς
553 3263 660 3334 δυσμὰς
679 3263 702 3317 V
723 3296 757 3306 -
782 3273 839 3319 τῶν
863 3281 916 3318 om.
935 3264 962 3317 H
991 3295 1024 3303 -
1052 3265 1163 3316 4θεοῦ

145 3357 198 3394 om.
220 3337 275 3391 VH
299 3370 330 3377 —
357 3341 447 3391 δυῶν
465 3334 580 3404 λήξεων,
598 3344 654 3391 τῶν
668 3339 781 3407 δυσμῶν
800 3333 818 3404 ἢ
838 3352 891 3391 om.
906 3334 1019 3388 Dd.VH
1045 3365 1079 3374 -
1108 3329 1162 3400 66

144 3418 201 3464 τῶν
220 3408 328 3464 δύσεων
347 3425 400 3462 οω.
420 3407 505 3477 vulgo
527 3441 558 3447 —
583 3407 645 3476 ἤτοι
664 3404 817 3477 ἐκλείψεων
838 3407 862 3460 V
882 3439 913 3446 -
934 3406 988 3477 γὰρ
1007 3422 1062 3460 οω.
1081 3405 1107 3458 H
1125 3435 1163 3446 —

131 3479 217 3532 δύνει
239 3479 359 3548 vulgoV
378 3511 417 3521 -
443 3477 514 3535 ὅταν
536 3478 591 3552 γὰρ
615 3480 669 3537 δύν
706 3479 759 3535 Dd.
788 3509 823 3520 -
852 3475 1000 3534 Ὶένθεν.
1020 3477 1163 3546 ,δυσμῶν

115 3560 171 3597 0111.
198 3547 253 3599 VH
271 3580 306 3590 -
327 3549 409 3608 ἔνθα
424 3554 522 3626 νοΙςο,
543 3554 619 3613 ὅθεν
634 3555 676 3628 P(
703 3556 740 3624 d.)
762 3583 795 3594 -
815 3549 831 3606 6
849 3553 918 3605 ουλε
936 3548 992 3602 ὀοιο
1008 3546 1162 3615 mam
