2430 3856
94 172 118 221 L
494 171 704 225 PRAEFATIO.

163 331 313 395 Diximus
337 331 494 396 hactenus
519 330 556 394 de
581 331 714 397 scholiis
739 333 898 416 genuinis,
942 331 1011 397 Nec
1035 355 1111 398 vero

97 437 282 521 negandum
322 441 373 502 est
410 437 520 522 spuria
557 439 590 505 iu
628 438 717 504 codd.
753 460 834 504 rece.
870 439 1018 503 inveniri.
1065 438 1113 504 Ut

96 545 286 609 omittamus
314 544 440 609 scholia
467 543 663 629 Byzantina,
695 566 776 630 quae
810 545 857 609 eis
890 550 958 610 tam
992 545 1113 611 referta

95 649 161 715 sint
190 654 223 715 et
250 655 317 714 tam
345 651 444 735 plena
470 672 646 736 nugarum,
669 655 707 715 ut
730 651 898 736 archetypi
920 653 1030 736 imago
1054 653 1111 717 ob·

95 762 224 823 scutata
247 759 303 839 sit,
332 756 567 841 examinemus,
595 778 677 841 quae
706 758 906 843 glossemata
928 759 963 822 in
986 757 1056 824 cod.
1080 759 1110 822 V

93 863 293 947 interpolata
317 863 391 927 sint.
437 862 471 928 Is
495 864 581 928 enim
604 865 709 928 instar
733 864 877 931 omnium
906 865 959 930 sit.
1006 863 1110 931 Caute

93 973 203 1033 tamen
236 970 507 1053 progrediendum
544 975 607 1052 est,
644 971 800 1054 quoniam
834 976 963 1037 constat
1000 973 1110 1036 arche·

92 1079 206 1160 typum
235 1097 302 1140 non
329 1076 434 1141 solum
464 1076 690 1161 gravissimas,
719 1077 774 1145 sed
802 1077 901 1145 etiam
924 1078 1110 1144 levissimas

92 1183 289 1247 continuisse
331 1183 569 1250 adnotationes.
625 1182 740 1268 Itaque
782 1207 820 1249 ea
861 1188 989 1249 tantum
1025 1207 1109 1268 quae

92 1292 180 1352 certe
207 1293 322 1373 postea
344 1288 467 1353 inserta
496 1297 572 1353 sunt
600 1311 617 1353 e
645 1291 758 1353 multis
788 1290 920 1354 scholiis
950 1292 1109 1374 suspectis

92 1394 290 1460 hauriamus.

135 1499 216 1565 Inde
250 1503 661 1588 autemvproficiscendum
693 1503 834 1586 videtur,
872 1504 957 1587 quod
995 1526 1108 1568 versus

90 1612 166 1690 post
188 1631 217 1673 v.
236 1608 301 1675 256
325 1610 554 1695 interpolatus:
584 1608 713 1693 στέργει
740 1611 804 1693 γὰρ
828 1607 940 1685 οὐδεὶς
963 1610 1106 1692 ἀγγελον

89 1725 201 1781 κακῶν
234 1714 335 1800 ἐπῶν,
368 1719 424 1801 qui
457 1717 492 1781 in
519 1716 554 1782 M
583 1717 702 1782 scholii
729 1718 801 1782 loco
834 1717 1016 1800 adscriptus
1049 1721 1108 1801 est,

89 1820 171 1886 haee
194 1823 295 1887 habet
319 1825 529 1909 glossemata:
554 1823 676 1910 ἀγαπᾷ,
700 1826 862 1908 μηνυτήν,
886 1825 1005 1906 λόγων.

158 1926 283 2004 Quibus
308 1931 546 2014 adiungendum
567 1935 618 1995 est
637 1932 680 2014 gl.
694 1953 724 1994 v.
742 1932 804 1996 126
821 1933 995 2013 γενήσεται
1010 1952 1107 2014 supe-r

89 2036 192 2116 ἔσται,
216 2036 301 2119 quod
326 2040 402 2119 post
423 2038 699 2119 γυναικοπληθὺς
717 2037 751 2100 in
770 2041 861 2100 textu
880 2038 1008 2120 legitur,
1028 2037 1105 2101 olim

90 2144 198 2204 autem
223 2163 320 2224 super
343 2140 459 2205 ἀπύων
479 2145 647 2205 exaratum
665 2141 728 2204 fuit
747 2137 804 2227 (cf.
823 2141 888 2206 sch.
906 2141 942 2207 M
959 2140 980 2224 ἢ
1000 2145 1105 2207 λείπει
1145 2194 1150 2202 .

87 2246 125 2310 τὸ
150 2248 254 2312 ἔσται·
278 2248 370 2312 ἔσται
393 2246 518 2329 ἀπύων,
542 2247 586 2332 gl.
604 2245 638 2310 H
660 2248 766 2312 λείπει
788 2247 825 2312 τὸ
850 2244 965 2333 ἔσται).

156 2352 240 2417 Tum
269 2355 368 2418 verba
396 2357 550 2438 corrupta
582 2375 642 2438 pro
669 2354 755 2417 veris
786 2353 1010 2437 explanantur.
1056 2354 1105 2422 Of.

88 2461 132 2546 gl.
155 2483 184 2526 u.
209 2459 275 2526 625
303 2461 343 2526 ad
371 2459 515 2543 ἀπόνως,
544 2460 630 2544 quod
658 2482 718 2544 pro
750 2462 918 2543 γαπότους
946 2460 1104 2545 scriptum

87 2573 155 2632 est:
192 2565 364 2652 ἐξαιρέτως
399 2567 535 2633 πάντων
574 2567 739 2650 δηλονότι.
796 2567 929 2653 Spectat
964 2568 1026 2634 hoc
1063 2569 1104 2632 ad

86 2672 215 2750 ἀτόπως
249 2675 421 2738 lectionem
454 2674 684 2738 nonnullorum
712 2675 859 2739 codicum
888 2673 932 2759 (γ’
960 2674 1105 2752 ἀτόπους

85 2776 143 2866 Η).
163 2817 203 2826 -
225 2780 268 2864 gl.
289 2802 317 2843 v.
336 2779 400 2844 531
424 2780 464 2844 ad
483 2790 630 2863 πυστοῖς,
650 2782 735 2865 quod
756 2803 814 2864 pro
833 2791 980 2846 πιστοῖσι
999 2785 1102 2845 extat:

84 2883 140 2950 καὶ
170 2885 380 2962 ἀιόνκτικοίς.
411 2922 449 2931 -
485 2887 528 2971 gl.
552 2887 618 2950 374
646 2886 686 2949 ad
718 2885 861 2968 κράτους
892 2909 951 2969 pro
981 2888 1103 2968 κρατὸς

85 2996 267 3064 exaratum:
291 2990 450 3070 ἐξουσίας.
475 3029 517 3039 -
541 2992 585 3077 gl.
599 2991 665 3056 560
688 2992 729 3055 ad
753 2992 923 3068 Σουσίδος
950 3015 988 3056 ex
1012 2995 1102 3058 Σου-

84 3085 196 3176 σίδαις
210 3085 416 3181 corruptum:
434 3099 570 3174 πόλεως.
590 3135 630 3144 -
651 3099 695 3181 gl.
714 3099 778 3165 937
799 3099 840 3164 ad
858 3100 922 3184 πρὸ
942 3102 1101 3184 φθόγγου

84 3227 122 3270 ex
145 3207 390 3291 πρόσφθογγον
419 3203 468 3291 (Μ
491 3205 730 3289 προφθόγγου)
763 3207 987 3292 depravatum:
1012 3206 1102 3288 πρώ-

82 3334 144 3377 του
167 3314 279 3396 λόγου.
303 3348 345 3358 -
369 3312 412 3397 gl.
431 3312 497 3377 316
522 3312 643 3389 οἵτινες
666 3310 755 3398 (vide
772 3336 804 3398 p.
823 3311 940 3400 XXV).

149 3418 232 3485 Tum
274 3419 418 3506 pessima
454 3419 746 3504 interpretamenta
788 3419 1010 3485 inveniunturz
1056 3420 1101 3504 gl.

81 3547 110 3590 v.
130 3526 197 3591 170
219 3526 304 3611 ὅσην
323 3525 469 3611 δύναμιν
489 3526 506 3592 ὁ
526 3525 649 3612 χρυσὸς
667 3527 743 3610 ἔχει.
759 3563 802 3574 -
817 3526 860 3613 gl.
874 3548 903 3591 v.
920 3525 983 3591 195
1001 3523 1102 3610 ἐπυρ-
