2430 3856
483 175 522 227 Ια
541 175 574 228 v.
593 164 744 229 κιο-334.

103 328 226 413 ἔφθιτο
260 331 362 399 BGL.
396 371 433 381 —
470 334 488 400 ὁ
521 335 586 401 ἀπὸ

102 439 241 514 Μυσίας
255 437 362 504 VBG.
384 477 422 486 -
447 443 513 508 326
537 445 585 524 τε]

47 560 50 568 ’
101 542 157 609 καί
182 544 259 612 (SV.
282 582 328 593 —
349 548 458 631 ἤγουν
481 547 531 614 ον’
546 549 585 615 V.

102 653 210 734 ἤγουν
248 653 430 720 διακοσίων
469 659 586 740 κεντή-

101 781 206 823 κοντα
229 758 331 826 BGL.
359 799 396 808 —
423 764 487 828 327
511 763 586 847 ἡγε-

101 866 176 949 μὼν
192 864 232 931 V.
260 865 404 951 ἀρχηγὸς
422 867 464 934 Η.
492 872 586 952 βασι-

101 974 179 1050 λεὺς
201 972 334 1058 ἡγεμὼν
353 973 387 1040 L.
410 1012 448 1022 —
473 973 584 1058 γένος]

100 1081 184 1146 κατὰ
202 1080 240 1146 V.
261 1118 304 1126 -
328 1080 346 1146 ὁ
371 1079 434 1146 ἀπὸ
456 1084 584 1159 πόλεως
639 1084 702 1150 327
728 1081 792 1150 ἀπὸ
815 1087 949 1164 πόλεως.
972 1123 1010 1132 -

101 1187 239 1272 Λύρνης
261 1186 301 1252 V.
346 1189 466 1272 Λύρνα
489 1191 585 1266 πόλις

101 1295 139 1360 G.
162 1333 199 1342 —
226 1294 432 1381 ὡραίοςλῖἷι.
452 1333 494 1342 -
519 1297 583 1362 328

99 1402 221 1477 ἄθλιος
234 1400 307 1466 VL.
327 1439 369 1448 —
394 1403 471 1466 λίαν
486 1401 524 1467 V.
542 1439 580 1448 —

99 1508 184 1573 ἀλλὰ
213 1509 384 1594 δυστυχῶς
403 1507 489 1572 VBL
512 1505 583 1596 (δη-

98 1617 214 1680 λονότι
232 1612 287 1680 καί
309 1614 434 1693 ἀκλεῶς
452 1615 525 1680 add.
542 1615 583 1697 V,

97 1745 134 1787 τε
153 1718 231 1805 παρ’
254 1721 349 1802 ἀξίαν
374 1722 445 1787 add.
465 1721 500 1806 L,
527 1720 582 1787 καί

97 1828 582 1915 καρὰνὴνολξίαν·οὐγὰρέδει

97 1941 167 2001 κτλ.
188 1937 274 2018 [vide
290 1935 365 2017 Dd.]
387 1935 457 2001 add.
472 1935 524 2022 B).
540 1973 581 1982 —

98 2043 164 2110 329
197 2040 393 2124 Συέννεσις]
428 2042 446 2108 ὁ
473 2043 513 2109 V.
537 2080 582 2089 —

96 2153 146 2230 τε]
176 2147 232 2215 καὶ
254 2149 294 2214 V.
320 2188 358 2196 -
389 2151 496 2233 ἤγουν
524 2150 582 2216 ιἰν-

99 2259 289 2342 δρειότατος
303 2256 343 2322 V.
361 2295 399 2304 —
421 2256 581 2343 ἀνδρείαν

97 2363 176 2428 VH.
200 2363 343 2450 ἀνδρίαν
358 2362 426 2430 GL.
447 2402 490 2411 -
514 2365 580 2431 330

98 2474 263 2552 Κιλίκων]
309 2480 377 2536 τῶν
414 2471 492 2536 VH.
539 2509 581 2517 -

96 2577 230 2662 ἡγεμὼν
249 2577 327 2644 VH.
351 2614 388 2624 -
414 2569 461 2654 εἷς
480 2576 579 2662 ἀνὴρ]
637 2579 703 2644 330
726 2577 859 2664 ἡγεμὼν
883 2576 967 2667 (gh).
986 2616 1030 2627 —

97 2685 146 2750 ὢν
179 2686 337 2768 δηλονότι
367 2684 407 2750 V.
442 2721 479 2732 -
515 2686 579 2751 331

96 2791 247 2876 ἐχθροῖς]
271 2801 342 2868 τοῖς
364 2790 404 2857 V.
427 2828 472 2837 -
498 2790 582 2857 ἐντί-

96 2923 166 2983 μως
198 2897 238 2965 V.
284 2896 428 2977 ἐνδόξως
460 2897 502 2964 Η.
540 2935 579 2948 -

96 3005 232 3092 ἐφθάρη
248 3006 283 3070 L.
309 3002 365 3070 καί
390 3005 524 3090 ἐφθάρη
539 3005 581 3072 V.

99 3151 136 3161 —
174 3114 239 3178 332
271 3112 435 3178 τοιούτων
464 3112 505 3178 V.
540 3149 577 3159 -

95 3221 163 3285 333
200 3230 311 3285 κακῶν
350 3219 508 3302 δηλονότι
540 3218 580 3283 V.
636 3221 701 3286 333
726 3222 830 3285 λείπει
852 3221 889 3286 τὸ
912 3231 1032 3285 κακῶν.
1057 3258 1092 3267 -

94 3336 207 3392 κακῶν
222 3326 260 3393 G.
284 3337 352 3392 τῶν
371 3335 482 3391 κακῶν
494 3325 578 3391 H.-

95 3434 164 3499 334
187 3441 253 3519 φεῢ
276 3432 348 3499 VL.
381 3469 419 3480 -
454 3437 579 3515 κακῶν]
636 3434 702 3499 334
726 3434 879 3521 ἰαμβικὸς
901 3433 921 3499 {s
940 3437 1128 3516 mm.—

95 3536 194 3606 ἕνεκα
217 3540 255 3605 V.
278 3577 323 3589 -
344 3539 486 3625 μεγιστα
510 3540 581 3608 VH
