2430 3856
473 205 513 254 m
530 204 563 256 v.
582 205 734 256 οτι-850.
1046 199 1112 264 233

97 402 135 412 -
163 365 228 430 836
251 363 383 429 ὕπαντα
411 363 470 450 (*α
493 387 531 428 ex
555 389 576 447 η
632 367 698 432 836
725 363 791 430 ὑπὸ
819 364 882 447 γὰρ
905 370 967 426 τοῦ
989 363 1113 444 ἄλγους

95 494 177 537 corr.
209 473 264 537 alt.
292 472 348 554 m.)
371 470 411 536 V.
441 509 479 519 —
511 471 575 536 837
632 483 700 536 τῶν
735 480 847 536 κακῶν
883 467 991 534 πάντα
1027 465 1113 552 ἀμφὶ

95 581 258 662 σχίσματα
276 577 418 642 VBGL.
436 615 481 625 —
502 575 578 662 περὶ
632 580 761 664 σώματι
801 584 1114 661 στημονορραγοῦσι

95 685 136 748 V.
159 721 197 730 -
221 686 286 750 838
309 681 366 748 καὶ
389 683 578 768 ἐσχισμέυοι
633 686 780 768 λακίδες,
825 674 900 750 οἷον
941 679 1114 767 διαρρέου-

96 792 303 878 ὑπολρχοντες
325 789 388 866 ἕως
412 801 481 854 τῶν
504 807 578 873 στρ·
634 809 698 858 σιν.
731 829 769 839 -
804 793 869 858 888
899 788 1115 876 διαρρέουσιν

97 903 213 984 μόνον
245 899 394 982 (στήμων
427 894 512 984 cod.)
539 896 579 963 V.
633 896 717 988 (gl).
741 936 785 946 —

101 1044 139 1054 -
170 1007 234 1071 839
267 1009 510 1080 κολακευτικῶς
540 1003 579 1068 V.

101 1151 139 1160 -
161 1115 287 1195 λόγοις]
308 1111 389 1175 *διὰ
401 1109 441 1175 V.
459 1147 498 1157 -
514 1109 581 1176 840

98 1228 157 1302 τῆς
188 1219 414 1293 κολακεύσεοις
445 1233 510 1280 σου
539 1215 580 1280 V.

99 1323 415 1409 —*ywn36xoeV.—
428 1323 581 1388 *ἀκούων

99 1433 140 1498 V.
165 1469 206 1479 -
231 1433 316 1517 λάβῃ
345 1432 486 1494 *ἄνεσιν
513 1438 582 1493 τῶν
675 1421 681 1431 ’

99 1551 212 1605 κακῶν
241 1536 297 1604 καὶ
324 1547 382 1620 τῆς
409 1537 516 1618 λύπης
542 1535 583 1600 V.

102 1685 141 1695 —
168 1648 232 1712 841
257 1643 463 1728 *ἀπέρχομαι
481 1642 521 1706 V.
541 1678 580 1688 —

102 1757 223 1819 σκότον
254 1752 292 1816 V.
325 1789 370 1798 —
403 1751 467 1816 842
500 1747 607 1832 πρὸς

101 1863 161 1926 τὸν
180 1860 283 1945 χορὸν
301 1856 342 1924 V.
365 1894 402 1904 —
424 1851 474 1920 *ὦ
489 1853 583 1919 V.—

101 1968 219 2043 *ὅντες
234 1967 392 2050 δηλονότι
405 1963 445 2028 V.
460 1999 503 2010 -
518 1963 584 2027 843

103 2082 165 2159 *τῇ
199 2074 259 2158 ἐμῇ
293 2073 450 2155 δηλονότι
477 2067 517 2134 V.
541 2104 585 2116 —

102 2181 237 2264 *ἤγουν
281 2180 406 2253 θυσίας
452 2176 491 2240 V.
541 2210 584 2220 -

102 2287 233 2372 *ἤγουν
247 2287 330 2351 κατὰ
343 2285 403 2350 τὸν
418 2279 586 2366 πρέποντα

103 2397 222 2476 καιρὸν
233 2393 271 2458 V.
286 2429 331 2438 -
348 2393 414 2458 844
429 2390 503 2455 *ὅτι
513 2387 586 2453 VL.

104 2539 148 2548 —
165 2501 335 2585 γνωμικὸν
353 2499 532 2583 praefixum
547 2493 587 2560 V.

105 2609 231 2693 ὡραῖον
255 2606 293 2672 G.
319 2643 358 2654 -

107 2770 172 2835 845
202 2767 332 2843 *ὄντας
354 2763 395 2830 V.
422 2799 460 2810 -
491 2761 588 2827 *ἐλυ-

107 2879 222 2960 πήθην
254 2873 294 2938 V.
331 2909 377 2920 -
418 2871 483 2937 846
520 2879 588 2933 τῶν

107 2982 332 3066 <βαρβοίρ>ων
364 2978 404 3044 V.
446 3016 483 3028 -
525 2976 587 3041 847

107 3089 189 3173 τύχη
205 3087 244 3152 V.
265 3125 301 3134 -
323 3089 400 3151 λίαν
418 3084 526 3150 VGL.
546 3119 590 3129 —

109 3197 173 3262 848
202 3195 326 3258 *λυπεῖ
351 3189 407 3277 ἐμὲ
433 3192 591 3275 δηλονότι

107 3301 147 3367 V.
175 3307 275 3366 λυπεῖ
296 3296 352 3385 ἐμὲ
372 3299 409 3364 G.
437 3303 538 3362 λυπεῖ
555 3295 589 3360 L.

113 3446 151 3457 -
191 3409 256 3476 850
292 3407 364 3492 ἥτις
400 3403 509 3470 VGL.
550 3439 588 3451 —

109 3517 237 3582 *αὐτὸν
251 3513 359 3582 VGL.
374 3549 417 3561 -—
438 3510 592 3577 ἐνδύεται
