2430 3856
466 184 511 253 m
530 185 561 237 v.
582 185 734 236 soa-sos.
1045 180 1112 245 225

93 355 160 410 τῶν
182 343 222 410 V.
251 382 295 392 -
331 345 396 410 803
424 345 464 409 τὰ
494 368 576 428 μαν-
631 345 696 410 803
707 342 760 428 ἀφ’
773 338 821 410 ὧν
830 353 934 409 ταῦτα
942 341 1113 428 ἐτελέσθη,

93 449 574 536 ιεϊαλλ.-τετελειωμε’ναλλ.-
631 451 766 517 κάκεῖνα
789 453 1001 535 συμβήσεται.
1025 489 1068 507 -ν

96 791 161 856 804
189 792 425 875 θεωρήσαντα,
459 790 509 854 ὅτι
538 792 577 855 ιὰ
632 791 698 856 804
726 789 768 854 οὐ
794 789 859 875 γὰρ
885 791 926 854 ιὰ
948 785 1010 874 μὲν
1034 805 1113 874 συμὲ

96 905 233 981 μαντεῖα
256 907 323 962 τῶν
341 903 433 961 θεῶν
453 895 577 978 ἀνιαρά·
632 898 752 980 βαίνει,
775 896 815 961 τὰ
834 892 871 961 δὲ
891 897 940 962 οὔ.
964 894 1039 961 ἀντὶ
1054 904 1114 962 τοῦ

96 1009 179 1068 &ew
202 1002 243 1068 V.
271 1040 308 1050 -
335 1003 441 1067 *ἀλλὰ
470 1004 578 1068 πάντα
632 1003 739 1068 πάντα
763 1005 949 1088 συμβαίνει.
977 1041 1015 1050 -

97 1108 209 1194 ἀληθῆ
229 1111 294 1175 ελσι
309 1111 466 1193 δηλονότι
480 1109 520 1174 V.
534 1147 579 1158 -

102 2230 168 2296 805
186 2231 313 2313 κεῖπερ]
334 2227 392 2294 ἐὰν
407 2228 447 2293 V.
465 2264 503 2275 -
520 2229 583 2294 *τὰ

102 2347 170 2402 τῶν
211 2341 303 2400 θεῶν
338 2334 378 2401 V.
418 2374 456 2384 -
501 2333 584 2418 ἐστὶ]

102 2442 237 2526 *ἀληθῆ
276 2442 434 2526 δηλονότι
469 2441 508 2508 V.
545 2480 582 2489 -

102 2549 244 2632 ὑπάρχει
282 2547 323 2613 V.
356 2586 398 2596 -
435 2559 585 2633 κρεῖττον

103 2657 212 2731 ἄνθος
240 2653 281 2719 V.
316 2693 352 2702 —
385 2664 446 2721 τοῦ
474 2654 514 2720 V.
545 2693 583 2702 —

103 2771 165 2828 τοῦ
192 2770 334 2847 στρατοῦ
362 2771 422 2827 τοῦ
450 2761 586 2846 μέλλον-

103 2891 160 2946 τος
193 2868 459 2952 στρατεύσασθαι
493 2869 586 2956 (βου-

104 2977 290 3040 λεύσασθαι
302 2975 385 3061 eod.)
395 2976 496 3040 πάλιν
504 2978 586 3041 κατὰ

103 3091 161 3166 τῆς
189 3076 350 3160 Ἑλλάδος
377 3082 416 3148 V.
448 3121 488 3129 -
521 3085 586 3150 806
643 3083 707 3149 806
732 3080 750 3147 ὁ
774 3081 906 3167 Ξέρξης.
933 3120 971 3130 -

106 3186 273 3275 ὁΞέρξης
296 3189 337 3254 Η.
361 3227 403 3236 -

107 3422 171 3486 807
194 3419 358 3504 *μένουσι
373 3421 411 3486 V.
427 3460 470 3470 -
489 3444 588 3486 ποια-

106 3528 168 3612 μὸέ
191 3526 270 3593 VH·
298 3565 341 3575 ··
370 3527 434 3595 808
459 3525 591 3595 *λιπαί-
646 3529 717 3598 808
766 3525 845 3595 ἂνιλ
889 3534 956 3589 mh
1002 3521 1164 3581 m'wu

151 3657 240 3700 sanor..
256 3670 284 3701 ια
296 3659 391 3706 Annon.
407 3664 483 3709 Ριαι.
498 3667 537 3710 ed.
552 3666 707 3711 Mhnhu
715 3663 754 3707 ἂι..
978 3639 1024 3689 ᾗ
