2430 3856
123 179 165 244 68
379 251 381 255 Ι
554 181 711 246 ευαοτω

192 343 254 407 191
302 343 408 407 τούτω
446 341 563 407 στάσιν
599 336 662 407 τιν’
698 341 743 419 ὡς
775 343 840 426 ἐγὼ
870 338 1008 408 ’δόκονν
1042 342 1139 426 ὁρᾶνε

121 450 244 532 τούτω,
269 453 368 533 φησί,
391 451 437 514 τὼ
461 459 614 532 γυναῖκε,
642 450 703 532 τήν
724 447 837 515 Ἀσίαν
860 447 916 514 καὶ
938 450 1000 534 τήν
1023 450 1141 535 Εὐρύ-

121 577 200 641 πην,
224 558 300 621 λίαν
325 555 389 639 ἐγὼ
414 554 555 621 ἐδόκουν
579 555 662 640 ὁρᾶν
686 556 804 621 στάσιν
827 557 903 620 τινά
920 552 974 620 καὶ
994 561 1140 640 φιλονει-

121 666 199 728 κίαν
221 665 352 747 τεύχειν
370 659 427 726 καλ
445 661 699 740 κατασκευάζειν
717 660 773 727 καί
790 673 901 728 ποιεῖν
920 661 958 728 ἐν
975 663 1142 746 ἀλλήλαις.

96 780 199 846 επαῖς
230 767 266 834 δέ
295 769 313 834 ὁ
344 768 421 854 ἐμὸς
448 770 569 852 μαθὼν
598 770 835 847 στασιαζούσας
864 770 986 846 ταύτας
1012 779 1141 854 κατεῖχε

121 874 177 942 καὶ
201 875 345 962 ἐπράϋνε
372 873 428 940 καὶ
454 874 580 961 ἡμέρου
609 876 718 953 αὐτάς.
764 878 866 960 ήθελε
889 878 952 959 γάρ
976 875 995 941 ὁ
1018 874 1142 961 Ξέρξης

122 984 169 1059 είς
197 984 234 1047 ἓν
264 982 400 1065 ἀγαγεῖν
428 982 547 1066 κράτος
576 983 638 1065 τήν
661 983 830 1069 Εὐρώπην
859 982 913 1048 καὶ
936 985 997 1067 τήν
1017 981 1140 1048 Ἀσίαν

122 1089 188 1153 ὑπὸ
216 1088 340 1172 άρμασι
369 1084 406 1152 δὲ
431 1089 606 1171 ζεύγνυσιν
634 1089 724 1153 αὐτὼ
752 1086 841 1172 (ἀντὶ
863 1098 925 1154 τοῦ
947 1087 1063 1176 αὐτὰς)
1087 1087 1142 1154 καὶ

123 1193 271 1260 λέπαδνα
285 1194 360 1276 ήτοι
374 1196 544 1278 ζυγόλωρα
553 1197 690 1276 τίθησιν
705 1193 758 1259 ἐπὶ
772 1205 839 1259 τῶν
854 1192 1005 1279 αὐχένων
1020 1195 1141 1261 αὐτῶν.

83 1325 109 1365 10
124 1299 272 1367 λέπαδνα
297 1296 333 1366 δὲ
355 1303 480 1386 κυρίως
503 1301 539 1364 οί
558 1297 634 1384 περὶ
657 1301 697 1364 τά
720 1303 828 1384 στήθη
848 1305 981 1378 πλατεῖς
1000 1303 1141 1386 ίμάντες,

123 1401 174 1485 οἷς
206 1408 474 1491 άναδεσμοῦνται
502 1408 537 1471 οί
562 1407 721 1491 τράχηλοι
748 1419 815 1472 τῶν
843 1409 953 1472 ίππων
976 1410 1059 1491 πρὸς
1081 1411 1140 1475 τὸν

124 1517 234 1597 ζυγόν.
280 1514 528 1598 ἐτυμολογεῖται
561 1510 598 1578 δὲ
631 1513 695 1578 άπὸ
727 1523 788 1578 τοῦ
820 1513 907 1580 λέπω
939 1517 977 1579 τὸ
1011 1519 1140 1598 λεπίζω,

123 1619 268 1686 λέπανον
291 1618 346 1686 καὶ
365 1619 540 1686 λέπαδνον.
583 1617 670 1696 τινές
695 1617 732 1685 δέ
755 1620 903 1686 λέπαδνα
921 1624 1000 1698 τοὺς
1017 1638 1142 1706 μασχα-

123 1729 281 1814 λιστῇράς
304 1744 395 1812 φασι.
437 1729 536 1812 vulgo
548 1724 705 1814 P(Dd.)V
715 1727 757 1792 H.
800 1727 848 1792 De
868 1729 937 1794 cod.
956 1727 983 1793 Ο
1003 1728 1069 1794 vid.
1086 1730 1106 1794 l.
1122 1731 1140 1795 Ι.

195 1891 211 1937 2
231 1885 318 1940 τούτω
329 1903 387 1945 σω.
399 1886 431 1953 V,
446 1893 528 1939 τοῦτο
542 1884 568 1936 Η
588 1917 619 1923 -
640 1890 656 1937 3
671 1904 700 1938 τε
714 1902 765 1954 pro
780 1883 845 1940 τινὰ
858 1886 884 1938 Η
899 1916 933 1925 -
952 1885 1001 1940 καὶ
1016 1883 1076 1956 ἔριν
1091 1902 1141 1956 pro

124 1956 173 2011 καὶ
201 1961 337 2026 φιλονεικ.
354 1957 378 2009 V
413 1987 444 1994 -
478 1961 496 2007 4
518 1955 627 2024 τεύχειν
650 1975 680 2009 τε
704 1956 753 2010 καί
771 1956 797 2009 Η
831 1988 863 1995 —-
897 1954 959 2011 ὁδ’
978 1952 1043 2027 ἐμὸς
1064 1958 1085 2010 V
1107 1988 1140 1999 -

124 2028 223 2082 λαθὼν
241 2027 267 2079 Η
287 2060 320 2066 -
339 2033 436 2081 κατεῖν
456 2022 579 2095 ἐπράυνε
597 2026 624 2078 Η
644 2058 676 2066 -
698 2033 712 2081 7
732 2027 781 2081 καί
796 2025 888 2082 Ἀσίαν
903 2029 928 2080 H
949 2060 979 2068 —
1001 2034 1017 2083 8
1036 2027 1142 2098 ἅρμασι

125 2098 297 2187 ζεύγνυσθαι
312 2096 398 2159 αύτδις
412 2097 462 2150 καὶ
478 2099 558 2166 ζυγοτ
573 2114 637 2150 cum
652 2101 817 2166 compendio
833 2099 910 2166 quod
924 2119 961 2162 ως
975 2098 1140 2168 signifiV-

125 2176 140 2223 9
161 2167 248 2238 ήγουν
268 2167 422 2238 ζυγόλονρα
441 2168 466 2220 Η
494 2198 529 2207 -
556 2168 611 2223 ὑπὸ
632 2170 656 2222 V
677 2200 705 2206 -
734 2169 784 2224 τὸν
803 2167 910 2239 αύχένα
928 2170 985 2223 VH
1006 2175 1088 2238 (corr.
1108 2187 1142 2225 ex

124 2237 252 2309 αὐχένων
271 2238 307 2309 V)
340 2270 372 2278 -
408 2245 441 2293 10
465 2238 550 2292 verba
573 2239 638 2293 inde
662 2256 678 2292 a
697 2238 825 2295 λέπαδνα
844 2239 875 2295 δὲ
895 2258 982 2309 usque
1002 2242 1039 2296 ad
1056 2241 1142 2296 finem

124 2328 177 2366 om.
198 2311 224 2363 H
253 2343 283 2350 -
314 2327 368 2364 om.
390 2308 483 2364 verbis
507 2308 566 2364 λέπ.
586 2308 617 2365 δὲ
641 2313 767 2382 κυρίως.
788 2355 794 2368 .
815 2311 919 2382 στήθηι
947 2310 1087 2386 λέπαδνα]
1112 2311 1142 2368 οί

123 2389 224 2452 παχεῖς
243 2379 356 2452 ίμάντες
378 2385 434 2438 κτλ.
450 2381 536 2451 vulgo
548 2381 601 2437 Dd.
632 2414 665 2422 -
690 2384 756 2451 post
775 2383 879 2452 στήθηε
903 2392 958 2438 τῶν
982 2385 1141 2454 ὑποζυγίων

124 2453 231 2578 adde(
252 2487 281 2494 —
303 2457 417 2516 πλατεῖς
431 2454 524 2510 om.V
543 2485 577 2493 —
600 2460 630 2507 11
649 2457 736 2508 verba
750 2452 792 2517 οἷς
806 2456 1033 2524 άναδεσμοῖινται
1048 2472 1071 2510 e.
1082 2474 1108 2525 q.
1119 2473 1141 2512 s,

124 2541 179 2581 om.

193 2688 257 2752 195
268 2711 313 2772 sq.
350 2687 390 2772 χή
414 2685 476 2771 μὲν
498 2685 570 2772 τῇδ’
595 2688 780 2773 ἐπυργοῦτο
804 2692 918 2773 στολῇε
945 2687 1001 2754 καὶ
1023 2688 1044 2771 ή
1068 2688 1142 2774 μέν,

123 2795 231 2876 ήγουν
255 2788 362 2876 Ἀσία,
395 2794 580 2878 ἐπυργοῦτο
609 2793 664 2859 καὶ
692 2794 862 2878 ἐκοσμεῖτο
892 2794 947 2860 καὶ
974 2794 1073 2881 ᾔρετο
1101 2806 1142 2882 τῇ

125 2905 226 2985 στολῇ
249 2902 336 2984 τῇδε.
379 2901 548 2978 δεικτικῶς
572 2898 609 2966 δὲ
632 2911 730 2966 τοῦτο
755 2899 829 2966 ἀντὶ
853 2911 914 2966 τοῦ
932 2910 971 2987 τῇ
990 2907 1142 2990 Περσικῇ

124 3007 238 3093 ταύτη,
261 3007 304 3090 ήν
328 3017 432 3092 φορῶ.
469 3002 535 3092 εἶχε
555 3005 592 3073 δὲ
611 3011 716 3090 στόμα
735 3007 898 3093 εύαρκτον
916 3007 972 3074 καὶ
990 3008 1146 3093 ὑπήκοον.

101 3112 183 3180 ικαὶ
206 3117 385 3198 πειθήνιον
409 3114 514 3202 ἐντῷ
537 3120 671 3200 χαλινῷ.

197 3332 211 3379 1
230 3323 268 3396 χ’ίχ
288 3328 317 3379 et
337 3323 416 3381 τοῦδ’
437 3325 464 3379 Η
491 3356 524 3366 -
553 3332 568 3379 2
588 3271 763 3396 ήγοννὴίισία
783 3327 814 3393 V,
834 3324 922 3396 ἤγουν
941 3325 958 3394 η
977 3326 1045 3380 άσία
1060 3325 1088 3379 Η
1106 3358 1143 3369 -

124 3397 175 3451 καὶ
192 3394 275 3468 ᾔρετο
295 3396 389 3451 om.V
409 3428 442 3437 -
462 3404 477 3451 3
496 3398 579 3452 τοῦδε
593 3414 645 3467 pro
659 3405 741 3452 τοῦτο
755 3397 781 3451 V
801 3429 832 3436 -
852 3405 885 3469 τῇ
905 3415 959 3451 οω.
974 3396 1091 3466 Hvulgo
1108 3426 1152 3458 -,

117 3467 185 3520 ἀντὶ
204 3476 255 3522 τού
273 3466 344 3540 άπερ
363 3470 411 3524 δεῖ
426 3467 531 3540 ταύτην
551 3469 574 3521 V
595 3501 628 3509 -
648 3476 664 3523 4
684 3468 803 3536 εύήκοον
821 3468 847 3520 Η
866 3499 901 3509 -
920 3474 936 3522 5
956 3464 987 3523 ἐν
1006 3469 1096 3522 om.V
