2430 3856
116 176 180 240 126
547 177 703 230 SCHOLIA

115 336 159 404 δι’
183 334 224 404 οὗ
248 340 473 424 δεσμεύονται.
519 338 539 424 ἤ
564 339 682 416 οὕτως·
708 336 794 423 ἀμφὶ
810 339 876 403 ’τὸν
900 338 1048 422 σκαλμὸν
1073 339 1135 402 τὸν

114 445 296 531 εὐήρετμον
329 446 510 533 έτροποῦτο
548 443 603 512 καὶ
641 446 697 510 διὰ
732 454 794 510 τοῦ
826 453 1039 532 τροπωτῆρος
1070 445 1135 529 τὴν

113 553 228 638 κώπην
252 552 438 639 ἐδέσμευεν.

179 1354 302 1438 380sq.
348 1352 418 1419 ἐπεὶ
451 1350 488 1418 δὲ
521 1351 657 1437 φέγγοςε
690 1349 759 1417 ἐπεὶ
794 1349 831 1416 δὲ
860 1350 1043 1436 κατέφθιτο
1073 1350 1130 1417 καὶ

111 1461 305 1545 πατεφθάριγ
333 1463 371 1526 τὸ
398 1469 459 1525 τοῦ
486 1459 584 1543 ἤλίου
612 1457 751 1543 φέγγος,
778 1461 885 1542 ἤγουν
908 1463 1084 1543 παρῆλθεν
1107 1458 1128 1543 ἤ

109 1566 216 1652 ἡμέρα
239 1565 294 1632 καὶ
316 1567 337 1651 ἤ
360 1567 421 1646 νὺξ
445 1567 580 1650 ἐπῆλθε,
603 1576 666 1643 πᾶς
684 1565 770 1650 άνῆρ
789 1568 900 1650 κώπης
919 1565 1001 1644 άναξ
1019 1568 1129 1650 ἤγουν

111 1673 129 1740 ὁ
154 1675 265 1759 άρχων
287 1683 345 1758 τῆς
368 1674 451 1750 νεὼς
475 1673 553 1758 (άπὸ
578 1672 700 1758 μέρους
721 1675 759 1738 τὸ
783 1670 879 1759 ὅλου)
898 1672 918 1756 ἤ
938 1673 956 1738 ὁ
975 1679 1129 1756 κωπηλα-

83 1792 177 1846 ετῶν
209 1791 272 1859 πᾶς
302 1805 337 1847 τε
370 1781 559 1865 έπιστῆμωυ
591 1791 658 1845 τῶν
693 1781 805 1845 ὅπλων
837 1778 893 1845 καὶ
926 1781 1129 1864 στρατιώτης

110 1889 279 1973 εἰσήρχετο
304 1891 350 1965 ελς
372 1889 434 1971 τῆν
457 1897 553 1953 ναῦν.
600 1884 834 1974 OP(Dd.)VH.

183 2034 196 2080 1
216 2026 375 2097 κατέφθιτο
393 2026 443 2082 καὶ
462 2044 515 2081 om.
534 2026 560 2078 V
582 2057 618 2066 -
645 2035 661 2080 2
680 2026 743 2094 ἤτοι
762 2027 819 2079 VH
843 2059 877 2066 -
900 2030 1049 2095 παρῆλθεν
1071 2043 1127 2082 om.

110 2097 132 2187 9
152 2129 185 2138 -
205 2105 221 2152 3
241 2098 290 2152 καὶ
308 2097 430 2190 νὺξχΒά.
452 2093 630 2178 -Ιέπῆλθεν
649 2099 679 2166 Ρ,
703 2094 895 2189 ρεοχὲπῆλθετ
919 2094 1018 2168 ἐχώρει
1036 2097 1127 2168 ἤγουν

108 2169 306 2310 goma&
323 2178 350 2296 {I
359 2189 453 2239 αρχον
473 2187 533 2224 sme
554 2172 605 2225 art.
625 2170 678 2225 Dd.
700 2202 732 2210 —
752 2169 840 2240 ἤγουν
860 2169 874 2224 ὁ
893 2173 999 2239 αωπηλ.
1017 2169 1070 2224 Dd.
1092 2201 1122 2210 -

175 2903 240 2968 385
285 2900 341 2967 καὶ
372 2903 536 2987 πάννυχοι
570 2903 624 2986 ὃῆε
657 2901 713 2968 καὶ
746 2903 781 2967 ολ
810 2902 970 2986 ἡγεμόνες
1001 2900 1057 2966 καλ
1090 2903 1126 2966 oc

107 3010 263 3093 ἄρχοντες
285 3019 352 3074 τῶν
375 3021 462 3075 νεῶν
485 3011 650 3094 πάννυχοι
673 3007 728 3074 καὶ
752 3005 796 3074 δι’
820 3011 900 3093 ὅλης
922 3019 980 3093 τῆς
1002 3011 1123 3086 νυκτὸς

106 3118 314 3182 καθίστασαν
349 3115 405 3182 παλ
442 3117 579 3183 ἐποίουν
616 3117 723 3181 πάντα
754 3118 814 3182 τὸν
846 3117 1005 3182 ναυτικὸν
1038 3118 1122 3181 λαὸν

107 3223 267 3290 διάπλοον
294 3223 350 3290 καὶ
374 3223 573 3290 διαπλέοντα
600 3225 661 3308 τῆυ
688 3224 876 3307 θάλασσαν,
909 3226 1015 3307 ἤγουν
1039 3224 1122 3308 ὅλην

178 3351 192 3398 1
213 3345 262 3400 καλ
281 3343 311 3401 ολ
327 3345 462 3417 ἡγεμόνες
480 3363 534 3401 om.
548 3345 601 3400 Dd.
623 3377 655 3386 -
680 3343 710 3401 ολ
730 3349 796 3400 ante
820 3346 954 3417 ἄρχοντες
973 3361 1026 3399 om.
1040 3346 1067 3400 H
1087 3376 1121 3386 -

105 3458 121 3506 2
145 3452 265 3522 νηῶνλῖ
288 3485 322 3494 -
358 3437 482 3524 πάνῆχοι
500 3452 534 3522 V,
557 3451 698 3524 πάννυχοι
720 3469 775 3507 om.
793 3452 816 3506 P
835 3456 864 3508 et
887 3454 952 3520 Dd.,
979 3451 1121 3522 πάννυχοι

34 3545 38 3551 ’
73 3532 75 3537 ’
96 3524 150 3578 να)
166 3542 220 3580 om.
239 3523 312 3580 O·-
331 3533 349 3581 3
367 3528 548 3582 ιιαθίστασαν
567 3524 617 3580 καλ
635 3541 689 3580 ραι.
710 3524 732 3580 0
752 3524 854 3580 -τὸν
872 3524 1008 3579 ναυτικὸν
1024 3521 1121 3578 πάντα

22 3596 49 3693 Τ
88 3593 147 3646 VH
160 3625 196 3635 -
216 3602 235 3651 4
254 3597 402 3657 διάπλουν
419 3600 494 3658 V—
512 3596 604 3673 ἤγουν
622 3646 628 3658 .
646 3595 819 3656 ,θάλατταν
839 3595 963 3651 mm.
977 3625 1010 3634 -
