2430 3856
110 174 176 238 226
542 178 699 231 SCHOLIA

110 335 166 403 καλ
190 340 337 423 λίπασμα
359 337 380 422 ἣ
408 341 550 424 πότισμα
572 335 755 424 προσφιλὲς
783 349 822 425 τῇ
846 344 1004 405 Βοιωτῶν
1027 339 1129 426 χθονί

109 443 166 510 καὶ
188 453 228 529 τῇ
250 453 307 530 γῇ,
337 447 444 529 ἤγουν
472 447 508 512 τὸ
532 449 679 531 λίπασμα
702 448 739 512 τὸ
763 457 900 512 πιαίνου
924 445 980 512 καὶ
1004 446 1129 533 τρέφον

110 551 225 634 αὐτήν,
250 553 345 636 ἄρδει
367 554 405 618 τὸ
428 555 546 619 πεδίον
568 551 624 618 καὶ
647 555 708 638 τὴν
730 563 808 638 γῆν·
831 552 907 619 ἀντὶ
925 562 986 619 τοῦ
1006 557 1091 620 ἔνθα
1110 553 1129 620 ὁ

82 657 253 736 5Ἇοωπὸς
276 662 421 724 λιπαίνει
444 660 505 743 τὴν
527 663 703 726 Βοιωτίαν.
727 661 827 746 vulgo
838 660 940 726 Dd.V.

110 799 195 854 2καλ
220 796 344 870 λίπασμα
369 795 387 867 ἢ
412 797 473 855 πότ.
492 797 645 870 προσφιλὲς
664 817 717 856 om.
739 799 855 870 vulgov
887 832 921 841 —
959 806 975 854 3
1000 807 1035 870 τῇ
1062 802 1128 854 ante

109 878 145 941 γῇ
164 873 258 927 om.V
283 902 315 911 -
344 869 433 941 ἤγουν
449 914 472 927 ..
488 871 577 940 αὐτήν
601 888 654 927 om.
669 871 740 940 Dd.,
767 869 830 939 ἤτοι
848 871 879 926 τὸ
899 873 1031 942 λείπισμα
1049 871 1075 926 V
1093 903 1126 912 -

112 951 128 996 4
148 939 235 997 αὐτόν
253 941 280 996 V

178 1106 241 1171 809
280 1105 365 1170 ὅπου
385 1122 467 1190 σφιν
485 1103 542 1170 καὶ
556 1105 669 1182 αὐτοῖς
687 1117 756 1182 τοῖς
774 1106 956 1193 βαρβάροις
970 1105 1126 1191 ἀναμένει

109 1219 233 1277 παθεῖν
256 1212 297 1277 τὰ
320 1210 457 1296 μέγιστα
484 1223 551 1277 τῶν
578 1223 689 1278 κακῶν
713 1207 761 1278 ὧν
785 1217 924 1279 ἔπαθον.
948 1213 979 1279 V
1008 1212 1057 1298 (in
1079 1213 1125 1277 in·

110 1320 226 1385 feriore
250 1342 352 1406 marg.
376 1343 407 1404 p.
426 1343 455 1385 v.
475 1318 651 1386 795-809
676 1321 894 1406 continentis).

177 1640 240 1706 ibd.
277 1640 339 1724 τὴν
364 1639 400 1705 ἐν
420 1644 605 1716 Πλαταιαῖς
623 1643 824 1724 πεζομαχίαν
843 1643 958 1723 φησίν,
982 1639 1026 1724 ἣν
1043 1642 1124 1724 πρὸς

109 1749 189 1823 τοὺς
209 1747 371 1824 Λάκωνας
395 1748 678 1832 συγκροτήσαντες
702 1747 737 1811 οί
757 1747 921 1831 βάρβαροι
943 1747 1027 1812 κατὰ
1049 1747 1125 1832 κροί-

109 1876 166 1930 τος
188 1853 395 1938 ἡσσήθησαν.
419 1853 494 1918 PV.

182 2010 299 2066 Initium
320 2010 369 2066 sior
379 2009 409 2064 in
428 2012 466 2067 V:
490 2009 675 2066 καταλέλυται
698 2011 747 2065 καλ
769 2010 914 2081 ἠρήμωται
934 2007 966 2065 ἐκ
986 2011 1125 2080 θεμελίων

111 2081 183 2152 φησὶ
201 2080 233 2137 δὲ
252 2082 385 2154 περὶτῆς
404 2078 435 2138 ἐν
454 2085 541 2138 Πλατ.
559 2084 731 2154 πεζομαχίας
749 2079 785 2150 ἣν
804 2086 858 2137 κτλ.
875 2113 909 2123 -
924 2081 1125 2152 ἡττήθησανί
