2430 3856
492 187 531 239 IN
549 187 581 241 V.
602 187 751 240 143-150.

112 342 313 430 ἐστερημένη
328 355 389 412 τοῦ
405 343 510 434 (ἰδίου
524 347 595 412 add.

112 452 158 541 V)
178 452 388 539 666669VH.
430 455 511 520 ἄνευ
535 463 596 520 τοῦ

111 559 237 646 ἀνδρὸς
282 559 319 626 ἐν
359 558 455 625 νυκτὶ
499 556 594 645 οὖσα,

112 663 248 752 πρὸςδὲ
262 668 299 732 τὸ
314 671 417 752 μονόζ
402 667 470 748 ζυξ
487 671 594 754 ἤγουν

113 772 313 859 ἐστερημένη
333 774 511 861 ἀνδρὸςΙτ.
542 775 594 842 ἐν-

111 880 268 965 απέμεινε
309 884 416 966 ἤγουν
463 882 594 970 ἐστερη-

112 986 194 1072 μένη
232 988 356 1071 ἀνδρὸς
391 993 478 1075 μόνη
512 993 594 1056 κατὰ

110 1097 171 1161 τὸν
196 1097 296 1179 ζυγὸν
319 1095 357 1161 G.
379 1133 417 1142 -

111 1204 177 1269 143
200 1201 363 1288 φέρετεῨ
385 1201 496 1288 (super
520 1206 593 1288 ἄγε·
710 1192 713 1197 ’

109 1307 184 1396 vel).
200 1342 242 1356 —-
259 1305 335 1375 6V.
350 1347 394 1356 -
407 1313 593 1396 καθήμενοι

109 1415 150 1481 V.
169 1455 214 1463 -
239 1417 304 1482 144
325 1417 470 1482 παλαιὸν
488 1417 528 1483 V.
552 1456 590 1465 -
649 1417 729 1497 [144
753 1414 868 1500 στέος.]

112 1524 177 1589 145
200 1525 343 1608 συνετὴν
354 1523 394 1588 V.
412 1561 454 1570 -
474 1527 593 1609 φρόνι-

109 1630 592 1716 μονῨ.-146ποιήσωμεν1ῑ
649 1630 712 1694 146
746 1629 763 1695 6
795 1627 836 1695 δέ
862 1628 936 1696 ἀντὶ
963 1615 1130 1714 τοῦνοίρ·

111 1736 345 1824 (ποιησώμεθα
379 1733 539 1824 cod..)-
570 1737 591 1821 6
646 1735 666 1818 6
712 1737 776 1821 γὰρ
822 1740 916 1822 χρεία
958 1745 1129 1822 προσῆκον

109 1847 205 1930 χρεία
223 1841 357 1930 γὰρκαὶ
374 1843 593 1929 ὁναιροςτης
645 1852 735 1907 ποιεῖ
761 1845 798 1909 τὸ
829 1844 1126 1927 βουίεύεσθαι.-
1145 1877 1148 1885 ·

108 1945 266 2036 ἀνάγκης
273 1960 444 2038 προσῆκον
462 1949 552 2016 καί
535 1976 591 2037 αρ-

108 2059 231 2143 μόδιον
262 2069 353 2124 ποιεῖ
382 2060 419 2123 τὸ
455 2060 591 2142 βουλεύ-
652 2067 655 2071 ’

108 2172 209 2231 εσθαι
224 2165 264 2231 V.
283 2203 327 2213 -

111 2399 174 2463 147
195 2396 213 2462 6
227 2405 289 2462 τοῦ
302 2399 453 2481 Δαρείου
467 2397 540 2474 υίὸς
550 2396 590 2463 V.

107 2505 223 2571 -148
235 2503 286 2569 ὅτι
299 2504 382 2568 κατὰ
396 2505 455 2569 τὸν
466 2502 591 2590 πατέρα
648 2507 710 2572 148
735 2506 786 2571 ὅτι
804 2506 886 2570 κατὰ
902 2505 1027 2589 πατέρα
1047 2525 1127 2591 συγ-

107 2611 190 2703 ἡμϊν
214 2611 378 2695 συγγενὴς
392 2610 430 2675 V.
453 2647 491 2658 —-
644 2613 744 2697 γενὴς
774 2613 867 2698 ἡμῖν,
902 2611 1074 2680 τουτέστιν
1108 2613 1126 2680 6

645 2719 681 2784 ἐν
703 2722 875 2804 προγόνου
900 2721 1069 2805 ίθαγενής.
1084 2758 1127 2768 -

109 3341 175 3407 150
198 3337 262 3426 ἆρα
271 3339 312 3405 V.
325 3377 363 3388 -
380 3341 514 3424 κίνημα,
534 3340 589 3426 ὁρ-

107 3447 153 3531 μὴ
160 3446 200 3514 V.
214 3445 328 3512 -ἀπὸ
342 3458 410 3514 τῶν
425 3447 538 3513 ὅπλων
549 3449 589 3514 Η.

110 3555 202 3619 -τὸ
221 3551 337 3641 νικῶν]
358 3557 437 3633 τοὺς
454 3554 588 3632 ὁπλίτας
639 3598 643 3605 -
