2430 3856
508 169 718 219 PRAEFATIO.
1082 169 1123 219 XI

90 332 243 416 uenerat,
266 329 317 394 die
340 328 453 395 XXIV
473 353 514 395 m.
533 328 627 399 Febr..
647 352 675 394 a.
693 330 775 395 1881
801 326 1007 418 remissus*)‚
1030 330 1121 395 bom-

102 437 254 522 bycinus,
287 436 418 503 saeculo
442 434 523 503 XIV
548 437 763 522 conscriptus,
796 436 965 502 continens
993 440 1123 521 praeter

101 545 229 610 minora
267 544 391 630 scripta
423 542 608 629 Byzantina
640 543 866 628 Lycophronis
898 543 1120 610 Alexandram

102 652 172 716 sive
196 648 414 717 Cassandram
438 673 511 715 cum
535 651 769 716 commentario
793 650 944 735 Tzetzae‚
967 651 1121 736 Aeschyli

100 757 332 826 Prometheum
364 757 439 823 inde
467 781 487 823 a
514 782 545 828 v.
562 759 642 844 284,
675 756 808 843 Septem
840 780 905 823 uno
939 757 1068 843 quidem
1103 783 1120 823 e

101 866 208 931 medio
227 864 394 952 deperdito
414 865 504 946 folio,
527 864 643 930 Persas
663 869 792 949 praeter
810 887 922 931 versus
942 865 1121 932 809-884

100 977 135 1038 et
157 973 255 1038 finem
279 972 353 1037 inde
372 995 392 1037 a
414 996 444 1039 v.
460 973 546 1038 1046
568 1010 607 1020 -
628 976 706 1058 post
724 973 882 1058 quasdam
901 977 1009 1038 autem
1029 973 1121 1039 fabu-

98 1081 204 1145 larum
242 1089 355 1166 partes
393 1079 516 1145 scholia
549 1080 734 1164 Byzantina
771 1080 812 1144 ad
851 1101 906 1145 eas
940 1082 1121 1166 spectantia

99 1187 267 1273 leguntur,
299 1187 386 1252 inter
417 1209 529 1252 versus
562 1188 763 1273 glossemata
795 1185 929 1253 exarata
962 1192 1039 1252 sunt
1070 1224 1120 1273 -,

101 1292 239 1359 Hesiodi
262 1314 361 1378 opera
385 1299 418 1358 et
442 1293 510 1359 dies
529 1316 603 1359 cum
622 1293 756 1359 scholiis
770 1277 818 1340 ’-
838 1294 1034 1360 antecedunt
1051 1305 1120 1360 τῶν

99 1411 249 1485 ποιητῶν
273 1401 310 1466 οἱ
333 1399 395 1485 μέν
422 1403 487 1467 εἰσι
515 1398 646 1487 λυρικοὶ
669 1406 738 1468 κτλ.
765 1439 803 1448 -
829 1407 862 1466 et
890 1406 1017 1467 scutum
1040 1401 1120 1467 Her·

101 1509 192 1594 culis,
214 1506 384 1592 Euripidis
407 1509 576 1574 Hecubam
600 1530 701 1594 usque
726 1508 766 1573 ad
790 1531 819 1574 v.
837 1510 905 1574 274
927 1531 1001 1575 cum
1026 1509 1119 1575 scho—

100 1614 164 1701 liis,
187 1613 371 1681 Oleomedis
389 1615 551 1699 κυκλικὴν
570 1618 721 1698 θεωρίαν
740 1638 812 1680 cum
832 1617 945 1701 figuris
960 1617 1120 1680 mutilam.

99 1721 180 1787 Fere
202 1725 310 1787 totum
331 1722 452 1786 librum
473 1722 585 1787 eadem
605 1722 736 1807 scripsit
754 1744 878 1787 manus.
917 1719 1030 1787 Scriba
1049 1724 1120 1806 ipse

102 1853 137 1894 se
152 1829 321 1895 nominare
336 1829 425 1894 videt
411 1833 465 1893 tur
478 1830 512 1893 in
528 1828 693 1914 superiore
709 1850 811 1914 marg
821 1828 955 1894 ultimae
969 1829 1120 1913 paginae,

97 1936 156 2002 ubi
186 1941 236 2002 est
267 1934 331 2019 ἐγὼ
359 1937 495 2031 pazolus
524 1935 541 2001 ὁ
571 1936 817 2019 robdslno,et
848 1935 883 2000 in
914 1958 1028 2001 averso
1057 1936 1119 2001 hoc

98 2043 190 2124 folio,
216 2044 273 2108 ubi
297 2042 361 2127 ἐγὼ
385 2046 520 2121 νικόλοις
543 2043 561 2109 ὁ
586 2045 756 2128 reddetis.
803 2042 1068 2110 Glossematta
1033 2049 1120 2110 at·ra

98 2155 210 2217 mento
234 2151 357 2236 scripta
379 2155 463 2217 sunt
510 2150 654 2218 Consent
640 2151 727 2215 tiunt
749 2151 815 2216 fere
839 2173 913 2215 cum
937 2155 1118 2217 ceterorum

97 2258 256 2324 librorum
290 2257 511 2344 glossematis,
545 2258 708 2344 permulta
740 2263 849 2323 autem
882 2258 1004 2323 omissa
1033 2264 1119 2343 sunt,

97 2365 239 2430 maxime
262 2386 384 2449 eorum,
413 2387 496 2451 quse
520 2366 560 2432 ad
585 2365 700 2431 Persas
724 2388 781 2450 per
784 2364 897 2429 tinent.
876 2364 981 2430 tn
1005 2385 1053 2450 gr.
1077 2366 1118 2428 ad

96 2494 128 2536 v.
148 2471 326 2538 544-686
350 2473 476 2538 nullum
499 2471 562 2537 nisi
588 2495 689 2537 unum
713 2474 812 2538 extat
857 2471 969 2536 Etiam
992 2471 1118 2556 Byzan-

96 2579 243 2644 tinorum
274 2579 473 2646 scholiorum
502 2580 590 2645 haud
621 2601 725 2664 pauca
754 2579 880 2644 desunt.
931 2576 1118 2644 Consensus

98 2707 186 2770 vero,
210 2708 307 2771 quem
330 2687 411 2752 item
435 2687 561 2752 scholia
584 2691 753 2752 attextus
778 2685 982 2751 Persarum
972 2708 1007 2751 1n
1029 2683 1062 2750 V
1086 2691 1119 2751 et

97 2791 131 2856 H
154 2793 320 2877 praebent,
344 2798 417 2858 ttan
419 2817 455 2859 us
480 2798 539 2880 est,
562 2794 734 2859 uteadem
758 2795 925 2880 origosta
890 2794 1047 2860 tauenda
1067 2794 1120 2860 sit.

96 2897 250 2964 Praestat
287 2901 417 2984 quidem
453 2900 498 2986 V,
535 2902 624 2966 velut
660 2902 799 2968 lectt1ons
835 2902 893 2967 illa
928 2902 1117 2987 κυκώμενοι

96 3002 142 3092 (v.
161 3003 252 3093 313).
299 3006 403 3072 Sed
393 3031 427 3073 ιιι
429 3013 478 3073 ter
429 3007 599 3073 ttH
565 3013 599 3074 et
632 3031 836 3075 communem
869 3010 962 3074 illum
993 3011 1117 3075 fontem

95 3111 186 3178 videt
172 3117 226 3178 tur
249 3113 404 3180 libert
354 3137 389 3180 m
390 3116 567 3199 terpositus
592 3139 671 3201 esse,
694 3117 835 3182 undet
801 3122 835 3182 e
837 3140 903 3182 ram
925 3117 1002 3180 libri
1022 3116 1117 3181 Guel-

95 3219 291 3302 ferbytanus
315 3221 420 3287 88t
387 3227 420 3286 et
448 3221 628 3306 Lipsiensis
659 3225 745 3289 infra
774 3224 938 3288 tractandi
968 3223 1118 3305 pendent.

164 3377 253 3448 ²¹2.)ss
274 3379 338 3435 Osc.
358 3380 393 3434 de
413 3361 568 3449 Gebhardt,
592 3397 678 3436 neuer
696 3379 828 3449 anzeiger
845 3380 891 3433 fur
909 3376 1117 3451 bibliographie

95 3465 156 3520 und
171 3465 533 3524 bibliothekwissenschaft
549 3476 625 3540 1879,
644 3488 720 3524 num.
735 3474 800 3523 324.
822 3467 896 3522 ‘drei
910 3466 1020 3524 codices
1035 3469 1118 3523 Pala-

94 3556 177 3611 tini
170 3573 200 3610 m
218 3556 269 3612 der
287 3558 455 3614 univorsittt
456 3558 633 3617 sbibliothsk
650 3577 687 3616 zu
701 3557 799 3614 halle
808 3599 817 3615 .
