2430 3856
111 186 174 250 172
541 187 699 240 SCHOLIA

108 345 152 432 ἦν
183 348 342 434 τόξαρχος
372 345 428 413 καὶ
458 341 593 449 ἡγεμδον
626 349 670 432 μὴ
703 347 833 432 βλάβην
865 345 1054 430 ἐπενεγκὼν
1084 354 1126 436 τῷ

109 455 214 521 αὑτοῦ
237 455 456 540 στρατεύματι
474 457 559 538 τότε,
582 455 690 539 ἤγουν
710 454 763 536 ὅτε
783 457 835 539 ἔζη
854 450 910 519 καὶ
924 452 1127 537 ἐβασίλευεν,

109 562 127 628 δ
151 567 249 647 φίλος
273 563 381 647 ἄκτωρ
404 558 459 625 καὶ
482 563 638 645 βασιλεὺς
661 571 731 637 τοῖς
754 561 949 636 Σουσίδαις.

109 726 124 774 ’ί
144 717 206 774 τότε
226 763 232 775 .
249 761 255 772 .
275 714 437 792 ἐβασίλευεν
456 735 510 774 om.
529 717 683 788 vulgoVH
701 749 736 758 -
755 723 771 772 9
790 724 840 786 τῆς
858 717 1058 781 σουσίδοςῨΗ

304 808 308 815 x

178 898 256 981 [556
293 924 344 984 γρ.
363 897 573 985 καδβάριδάς
591 893 628 962 θ’
650 898 688 963 αλ
707 901 849 963 πόντιαι.
868 898 1043 984 βαρίδεσσι
1061 909 1127 976 τοῖς

109 1005 173 1070 άπὸ
197 1005 332 1091 Βάρεως
354 1009 481 1083 πόλεως
504 1001 581 1071 οὖσι
603 1007 747 1082 πλοίοις·
772 1005 793 1090 ἢ
816 1006 953 1092 βάριδες
976 1004 1127 1088 λέγονται

109 1113 147 1177 αλ
166 1119 244 1197 νῆες
266 1113 355 1198 παρά
378 1115 415 1179 τὸ
439 1113 525 1200 βάρη
548 1111 604 1179 καί
628 1115 750 1198 φορτία
774 1111 903 1199 φέρειν·
928 1110 988 1196 ἀφ’
1015 1106 1056 1178 ού
1074 1109 1127 1177 καί

17 1231 20 1237 ’
109 1218 323 1306 φορταγωγοὶ
346 1218 401 1286 καὶ
424 1218 542 1306 φορτλς
564 1219 585 1303 ἡ
610 1219 702 1303 αὐτή.
727 1217 910 1306 OP(Dd.).]

181 1385 197 1432 4
216 1376 265 1432 καὶ
283 1377 382 1447 φορτλς
400 1376 418 1446 ἡ
437 1376 510 1445 αὐτὴ
530 1360 623 1432 οωίΟ

176 1557 241 1624 561
255 1580 323 1641 sqq.
359 1558 477 1636 πεζούς
499 1580 534 1622 τε
556 1555 612 1621 καὶ
634 1559 854 1633 θαλασσιόυςε
876 1557 995 1636 πεζούς
1012 1581 1049 1623 τε
1067 1558 1127 1641 γάρ

109 1662 165 1730 καὶ
182 1655 388 1741 θαλασσίους
405 1661 460 1728 καὶ
478 1666 780 1750 δαλασσεμπόρους
795 1665 832 1729 αἱ
847 1665 1059 1741 κυανώπιδες
1075 1660 1128 1728 καὶ

110 1773 148 1836 αί
168 1768 321 1857 μέλαιναι
343 1780 421 1855 νῆες
444 1772 482 1835 αί
502 1770 681 1856 δμόπτεροι
703 1769 759 1836 καὶ
782 1773 819 1836 αί
835 1781 905 1848 τοῖς
923 1772 1039 1848 αὐτοῖς
1057 1793 1129 1836 πτε-

111 1889 185 1961 ροῖς
203 1881 442 1963 κουφιζόμεναι
460 1876 481 1960 ἢ
501 1878 538 1940 αί
554 1876 678 1959 ὁμοίως
695 1887 827 1960 πτεροῖς
841 1875 984 1942 δέουσαι
1002 1878 1128 1961 ἤγαγον

83 1995 223 2066 ιποποῑ,
246 1986 352 2067 ίίγουν
376 1983 443 2049 ἐκεῖ
466 1984 502 2048 ἐν
525 1992 565 2068 τῇ
578 1980 713 2049 Ἑλλάδι
736 1982 791 2049 καί
814 1984 937 2061 αὐτοὺς
955 1983 1129 2050 ἀπώλεσαν

111 2090 177 2156 ἐκεί
200 2091 306 2172 ίίγουν
331 2091 387 2154 διδι
409 2101 477 2154 τῶν
497 2085 697 2173 Ἀθηναίων.

184 2254 198 2300 1
218 2247 319 2311 πεζοὺς
337 2218 390 2316 γδιρ
410 2250 475 2314 (om.
490 2249 532 2315 τε)
547 2245 571 2296 V
587 2277 620 2285 -
635 2253 651 2301 2
670 2246 720 2300 καὶ
738 2248 912 2310 θαλασσίους
931 2264 984 2302 om.
997 2247 1061 2314 VH,
1081 2247 1129 2302 καὶ

109 2316 363 2388 θαλασσεμπόρους
381 2334 434 2372 om.
448 2316 593 2386 vulgoDd.
614 2349 648 2358 -
666 2316 917 2388 θαλαττεμπόρους
935 2319 966 2387 V,
985 2318 1130 2387 θαλάττης

111 2387 251 2461 ἐμπόρους
268 2389 294 2442 Η
314 2419 348 2430 -
367 2385 401 2443 αλ
416 2408 498 2445 κυαν.
517 2386 569 2460 μὲν
592 2388 642 2443 καί
659 2389 698 2456 Η,
723 2387 756 2443 αἴ
777 2410 858 2444 κυαν.
878 2397 944 2455 νῆες
962 2389 1012 2444 καλ
1031 2388 1065 2444 αἱ
1082 2390 1129 2460 με’-

110 2467 214 2525 λαιναι,
234 2457 268 2515 αἱ
284 2458 381 2531 δμότιτ.
400 2462 495 2531 vulgo,
515 2457 548 2514 αἱ
564 2480 645 2516 κυαν.
665 2458 716 2530 μὲν
736 2468 803 2528 νῆες
821 2460 870 2515 καί
888 2460 970 2515 ἄλλαι
988 2458 1129 2531 μέλαιναι,

111 2531 145 2588 αί
161 2531 258 2604 ὁμόπτ.
277 2533 341 2602 Dd.‚
364 2533 413 2600 qui
431 2532 510 2587 adm:
534 2531 616 2586 ἄλλαι
635 2531 726 2587 om.P
745 2529 779 2585 αλ
796 2530 818 2586 Ο
839 2563 871 2572 -
891 2539 908 2586 3
927 2529 961 2586 αλ
977 2535 1045 2586 ante
1064 2531 1131 2602 δμό-

48 2669 54 2680 α
111 2624 207 2674 πτεροι
222 2621 276 2659 om.
287 2603 313 2656 H
327 2635 362 2644 —
377 2601 411 2657 αλ
427 2605 493 2657 ante
510 2610 570 2665 τοῖς
586 2622 641 2659 om.
655 2603 802 2673 vulgoDd.
820 2635 850 2642 -
867 2609 882 2657 ὅ
903 2598 967 2658 ἐκεῖ
976 2620 1029 2661 om.
1044 2605 1130 2672 vulgo

110 2675 164 2729 Dd.
180 2708 213 2716 —
234 2672 274 2736 είς
291 2673 343 2742 τὴν
357 2672 482 2728 Ἑλλάδα
500 2676 586 2743 vulgo
601 2706 635 2716 —
650 2673 700 2729 καλ
718 2674 861 2729 ἀπώλεσεν
875 2674 939 2744 (sic)
954 2675 1058 2737 αὐτούς
1073 2669 1136 2730 ἐκεῖ

112 2747 137 2799 V
157 2777 190 2787 -
211 2753 227 2800 6
245 2743 333 2813 ἤγουν
353 2777 385 2784 -
403 2743 560 2814 Ἀθηναίων
579 2762 633 2802 om.
652 2747 738 2815 vulgo
750 2745 805 2799 VH
828 2777 860 2786 -
880 2743 913 2800 αλ
929 2754 984 2800 τῶν
1003 2745 1058 2802 Dd.

178 2944 245 3010 566
256 2964 326 3028 sqq.
365 2943 420 3007 διδι
443 2939 474 3007 δ’
493 2940 632 3008 Ἰαόνων
654 2941 765 3028 χέρας
788 2941 940 3026 περισσοὶ
959 2945 995 3009 οί
1012 2945 1074 3010 δύο
1095 2943 1134 3010 δέ

112 3051 296 3136 σύνδεσμοι
328 3048 384 3116 καὶ
411 3051 448 3115 τὸ
478 3049 530 3126 ὡς.
575 3049 613 3113 τὸ
643 3045 679 3113 δὲ
708 3047 782 3134 ἑξῆς
805 3050 924 3128 οὕτως·
957 3054 1054 3135 μόγις
1075 3050 1131 3118 καὶ

111 3161 231 3243 μικρόν
255 3158 286 3222 τι
310 3155 423 3245 (τοῦτο
446 3157 510 3242 γάρ
530 3157 628 3239 διγλοῑ
646 3157 683 3221 τὸ
702 3157 823 3243 τυτδά)
843 3157 1009 3242 ἀκούομεν
1028 3158 1132 3226 αὐτὸν

111 3267 171 3331 τὸν
194 3266 320 3330 ἄνακτα
338 3261 393 3329 καὶ
411 3265 470 3330 τὸν
489 3261 626 3346 βασιλέα
645 3265 840 3349 διεκφυγεῖν
859 3266 916 3341 τάς
934 3276 1046 3350 χεῖρας
1064 3277 1132 3331 τῶν

185 3431 197 3476 1
218 3430 355 3493 περισσῶς
374 3422 400 3476 Η
424 3452 459 3461 -
485 3416 518 3474 δέ
536 3416 570 3474 δι’
587 3419 765 3489 vulgoDd.H
789 3453 821 3462 -
851 3427 866 3475 2
886 3421 917 3476 τὸ
937 3415 1001 3491 ἑξῆς
1020 3423 1076 3477 VH
1096 3455 1131 3466 -

112 3497 178 3549 ante
198 3491 297 3557 ούτωςι
317 3495 401 3563 δηλοῖ
415 3490 558 3562 vulgoDd.
579 3523 612 3533 -
632 3489 744 3547 ούτοιί
763 3524 794 3532 -
814 3491 895 3563 μόγις
912 3493 947 3558 Η,
966 3491 1045 3564 μόλις
1064 3497 1132 3551 cett.

101 3595 134 3604 -
153 3571 174 3617 3
191 3563 300 3636 πικρόν
313 3565 345 3620 Η
363 3599 396 3608 -
416 3585 444 3622 τι
464 3562 551 3637 vulgo
571 3579 627 3620 om.
646 3595 681 3606 -
701 3567 719 3617 4
737 3561 820 3635 χέρας
835 3562 983 3631 ούςοῦδ.
999 3596 1033 3605 -
