2430 3856
87 179 178 230 LVIII
399 177 610 229 ADNOTATIO
635 178 787 230 ORITICA.

161 335 313 402 Quoniam,
346 335 474 402 quemvis
501 334 613 405 paucis.
645 338 742 389 temen
770 335 1006 391 demonstravisse
1034 338 1105 393 mihi

87 407 185 461 videor
203 409 233 460 et
251 406 331 461 codd.
347 406 372 459 V
392 409 421 460 et
438 406 464 459 H
484 410 513 460 et
530 410 625 460 textus
643 406 857 461 Dindorfianum
875 407 1104 477 antiquioresque

88 494 177 547 oeque
200 480 236 533 ud
260 477 413 532 editionem
437 479 590 531 curandam
613 477 788 532 adhibendos
814 495 889 543 esse,
916 479 1041 534 breviter
1059 497 1105 535 ex-

87 565 192 618 ponere
210 549 302 616 lubet‚
326 564 398 616 quoe
416 547 596 618 potissimum
614 549 718 603 mendo.
735 550 765 603 in
782 547 864 603 libris
888 567 973 604 monu
992 552 1105 622 seriptis

90 624 119 676 et
138 619 308 676 editionibus
327 618 440 673 obvium
460 619 526 674 sint.

160 699 183 745 A
201 690 356 746 lenioribus
375 692 409 742 ut
426 689 562 758 incipiam
580 691 717 760 peccatis:
737 691 850 760 singule
867 693 955 746 verbe
973 697 1105 748 accurate

88 763 267 833 depingendo
288 779 347 816 non
369 762 507 814 curabunt
529 761 651 829 librarii,
680 762 738 816 sive
763 763 839 831 quod
862 763 892 816 in
916 763 1031 817 scholiis
1050 765 1105 819 hoc

87 835 180 888 minus
203 835 339 887 interesse
363 833 528 899 credebant,
553 833 705 887 dummodo
728 833 791 899 ipsa
813 834 1009 902 interpretatio
1028 839 1105 892 reete

87 905 267 969 scriberetur,
293 904 351 957 sive
370 903 446 972 quod
465 902 579 958 omnino
598 904 848 974 grammaticorum
871 905 1000 960 doctrino
1022 906 1105 961 indu·

88 977 187 1031 siriam
204 974 355 1044 fatigabat.

95 1117 101 1137 Ι
158 1046 270 1171 οἰρῖοέλο.
286 1053 336 1100 143
360 1044 391 1100 τὸ
415 1043 448 1099 δέ
471 1045 536 1100 ἀντὶ
558 1053 608 1100 τοῦ
631 1044 684 1116 γάρ
708 1046 794 1115 vulgo
813 1047 876 1116 Dd.,
899 1049 932 1101 ut
949 1048 986 1103 M.
1025 1069 1104 1104 τουτ·

87 1137 163 1174 εστιν
242 1159 248 1172 .

158 1189 215 1244 sch.
232 1195 283 1243 776
306 1190 496 1315 κατεβίβασαν
516 1187 537 1240 Ρ
556 1205 607 1256 pro
628 1187 819 1261 καταβιβάσαι
838 1190 1103 1262 συνεβουλεύσαντο.

158 1262 216 1316 sch.
231 1265 284 1314 216
302 1260 355 1328 τὴν
389 1261 485 1315 κείνου
508 1258 582 1312 κατά
599 1267 656 1313 τῶν
671 1256 829 1328 Ἀθηναίων
849 1257 1029 1330 ἐκστρατείαν
1050 1264 1103 1317 Dd.

86 1351 138 1403 pro
157 1331 209 1401 τὴν
229 1327 340 1387 ἐκείνου
364 1330 463 1397 ἔξοδον
486 1329 536 1384 καί
557 1329 610 1399 τὴν
632 1330 702 1400 πρὸς
723 1333 789 1394 τοὺς
803 1329 970 1401 Ἀθηναίους
993 1333 1103 1403 ἄφιξιν,

87 1421 160 1474 quae
177 1404 264 1456 lectio
283 1401 391 1456 scholio
410 1401 440 1455 M
458 1401 593 1456 firmetur.

158 1474 215 1529 sch.
232 1479 283 1528 358
303 1470 390 1536 ἰδίαις
408 1474 433 1525 V
453 1489 504 1542 pro
523 1469 641 1534 οἰκείαις
660 1474 734 1540 quod
752 1476 887 1542 probatur
906 1474 962 1529 sch.
977 1479 1038 1531 507.

158 1546 215 1599 sch.
230 1550 265 1598 44
284 1542 393 1599 οἰκοῦσι
412 1544 434 1598 Ο
453 1559 505 1612 pro
524 1543 679 1616 κατῴκουν.

158 1617 216 1670 sch.
232 1622 284 1670 155
303 1616 465 1740 βαθύζωνοι
484 1612 516 1669 δὲ
535 1611 620 1669 αὗται
633 1614 659 1667 V
677 1632 728 1684 pro
748 1615 910 1688 βαθύζωνοι
928 1614 960 1671 δὲ
980 1614 1013 1671 αἱ
1028 1620 1103 1687 Περ-

86 1691 162 1753 σίδες
180 1688 255 1758 quod
274 1704 304 1742 sc
327 1729 332 1741 .
351 1686 473 1742 interlin.
488 1687 515 1740 V
533 1685 696 1756 reperimus.

139 1761 215 1815 'sch.
234 1767 282 1814 143
311 1761 506 1829 φροντίσωμεν
528 1757 615 1827 vulgo
637 1757 690 1811 Dd.
709 1757 748 1822 Η,
777 1760 917 1828 φροντίδα
940 1758 1102 1828 ποιήσωμεν

85 1834 110 1885 V
128 1831 205 1901 quod
224 1831 261 1885 ed
287 1833 388 1900 postue
410 1830 499 1884 verba
517 1831 656 1900 φροντίδα
674 1830 798 1899 θώμεθα
817 1830 986 1899 explicanda
1001 1831 1101 1885 melius

86 1906 177 1958 estet
196 1903 233 1972 gl.
249 1904 274 1954 V
293 1901 461 1957 defenditur.

157 1975 214 2028 sch.
230 1980 281 2027 601
301 1974 446 2040 δυστυχεῖς
465 1972 489 2022 V
508 1988 559 2040 pro
579 1973 787 2040 δυστυχοῦντες.

157 2044 214 2099 sch.
229 2047 282 2096 433
300 2040 435 2096 πνέουσιν
449 2041 535 2109 vulgo
550 2059 601 2111 pro
621 2049 756 2112 φυσῶσιν,
776 2044 806 2095 et
825 2039 932 2112 ἔφυγον
946 2043 1031 2112 vulgo
1048 2061 1100 2115 pro

86 2122 178 2185 φυλῆς
197 2110 360 2180 ἐδράξαντο.

157 2185 215 2240 soh.
232 2188 283 2238 'los
301 2182 433 2251 τυχόντος
446 2182 500 2236 Dd.
515 2185 585 2236 exP
603 2201 654 2251 pro
674 2181 889 2256 καταλαβόντος.
926 2185 987 2240 Ηοο
1006 2189 1101 2240 autem

86 2258 123 2328 gl.
138 2257 168 2310 M
186 2264 236 2310 τοῦ
255 2253 520 2344 καταλαμβάνοντος
538 2256 697 2324 respondet,

156 2328 214 2382 seh.
231 2331 265 2382 74
284 2343 476 2395 συνανομενον
496 2325 559 2387 VH.
580 2323 755 2396 συνηγμένον
773 2326 859 2396 vulgo
878 2327 931 2383 Dd.
950 2326 987 2382 M.

155 2399 300 2454 Interdum
319 2414 354 2452 ex
372 2397 503 2451 omnibus
523 2397 676 2466 codicibus,
695 2414 814 2466 quorum
827 2399 921 2453 nullus
936 2417 1030 2454 verum
1045 2399 1101 2455 lec-

84 2472 193 2526 tionem
210 2469 337 2541 praebet,
356 2469 480 2538 genuino
498 2469 585 2522 verbo
603 2467 795 2522 concludenda
815 2472 887 2524 sunt.
925 2470 1011 2525 Velut

156 2542 213 2597 soh.
229 2548 263 2597 50
282 2537 312 2594 οἰ
329 2538 437 2595 ἔνοικοι
455 2537 485 2594 οἰ
501 2536 533 2595 ἔκ
551 2549 601 2595 τοῦ
622 2537 698 2608 iecori
720 2542 836 2610 Τμώλου
855 2541 889 2611 V,

281 2608 311 2668 oi
328 2610 434 2666 ἔνοικοι
452 2620 502 2665 τοῦ
522 2609 599 2680 ἱεροῦ
621 2612 737 2681 Τμώλου
756 2612 819 2678 ΗΟ,

280 2679 311 2736 ολ
325 2685 443 2751 πλησίον
462 2681 605 2745 οἰκοῦντες
623 2692 672 2736 τοῦ
692 2680 769 2752 ἱεροῦ
790 2685 906 2753 Τμώλου
923 2682 978 2737 Dd.

86 2755 192 2824 (itaque
211 2754 242 2817 P,
271 2770 335 2806 cum
357 2771 391 2806 cx
414 2754 520 2820 antiqu.
540 2752 613 2821 edd,
641 2769 712 2821 quae
736 2754 823 2808 schol.
843 2771 907 2821 om,
935 2753 1019 2807 lectio
1042 2770 1100 2807 non

83 2828 175 2897 possit
191 2826 296 2878 heusta.
313 2826 395 2890 esse).

156 2896 225 2949 Inde
244 2893 328 2947 focile
347 2893 385 2961 id,
409 2895 484 2962 quod
503 2893 673 2964 glossemate
692 2896 717 2947 V
737 2897 879 2948 servotum
898 2896 953 2949 est:
977 2891 1008 2948 ολ
1024 2892 1099 2948 ἔνοι-

84 2988 131 3023 κοι
156 2964 186 3022 οἰ
205 2966 324 3033 πλησίον
349 2963 428 3027 ὄντες
449 2973 500 3019 τοῦ
523 2961 600 3034 ἱεροῦ
622 2969 652 3020 Τ.
676 2965 803 3020 efficitur.
841 2964 940 3032 ltaque
963 2964 1008 3018 bis
1031 2983 1099 3019 vere

84 3038 171 3094 lectio
192 3039 300 3091 mutata
323 3038 378 3101 est,
404 3040 447 3089 ito
468 3038 578 3101 temen,
604 3037 683 3090 utin
702 3034 788 3089 VHO
808 3033 915 3090 ἔνοικοι
933 3053 987 3090 vox
1007 3053 1098 3090 servu-

83 3114 161 3165 retur
180 3111 210 3163 et
228 3124 262 3163 ex
281 3104 311 3162 οί
326 3109 445 3176 πλησίον
464 3105 543 3169 ὄντες
566 3107 646 3161 fieret
664 3104 694 3162 οἰ
710 3103 742 3162 ἔκ
759 3115 810 3161 τοῦ
829 3104 870 3176 (οἰ
886 3103 918 3162 ἔκ
938 3108 1098 3177 corruptele

84 3200 137 3237 om.
154 3180 233 3251 ΗΟ),
255 3179 286 3233 in
304 3178 326 3233 P
349 3181 507 3233 servaretur
530 3176 560 3233 oi
575 3180 693 3247 πλησίον
713 3181 794 3233 etex
813 3176 920 3234 ἔνοικοι
942 3179 1033 3243 dorse:
1058 3179 1100 3234 οἰ-

82 3262 199 3315 κοῦντες
216 3252 303 3306 fieret.

155 3324 226 3378 Tum
254 3322 405 3377 verborum
431 3323 586 3376 structurus
609 3324 767 3390 mutentur,
795 3322 874 3376 velut
898 3323 955 3377 sch⁴
970 3328 1023 3378 234
1046 3341 1097 3393 pro

84 3390 238 3464 ἐρωτηθεὶς
261 3393 276 3450 ὁ
301 3394 420 3465 χορὸς..
437 3410 537 3463 φησινι
561 3388 650 3462 ἔρωτά
673 3393 723 3448 τὸν
746 3394 831 3464 χορὸν
849 3391 995 3463 ἡἍτοσοα
1010 3436 1034 3450 ..
1049 3397 1103 3450 καί

81 3483 176 3594 your}
191 3466 224 3529 V,
243 3466 320 3534 quod
339 3465 407 3592 fsergi
424 3448 682 3591 οιαὴιρίιιοᾐτιοιοοῖβάἱ
690 3464 747 3519 nisi
766 3464 865 3520 scribis
884 3465 933 3519 καὶ
952 3461 1033 3530 οὗτός
1052 3467 1099 3522 vel

99 3555 160 3592 κειν
177 3556 191 3600 ς
209 3555 305 3607 φησιν.
363 3553 378 3592 e
417 3553 462 3592 rec
512 3552 650 3593 eserico
684 3553 736 3594 ces.
