2430 3856
479 183 518 234 IN
536 183 568 236 V.
587 187 738 237 415-422.
793 213 796 218 -

98 876 165 941 415
194 873 248 940 καὶ
276 874 297 959 ἡ
325 877 468 960 κίνησις,
497 876 581 963 ὁρμὴ
635 877 701 943 415
726 876 800 944 ἀντὶ
827 888 888 945 τοῦ
912 881 953 965 δὴ
972 877 1055 968 (gh).
1076 919 1114 930 -

99 983 139 1048 V.
158 1021 195 1029 -
212 984 278 1048 416
293 982 474 1050 ἀνθίστατο
486 984 581 1050 VHG
635 987 702 1051 416
717 983 838 1070 μεταξὺ
853 991 1046 1072 Σαλαμῖνος
1062 988 1117 1054 καὶ

99 1086 292 1177 (ἀντιστατο
307 1091 362 1175 Η).
397 1094 580 1157 καθίστατο
636 1094 777 1177 Αἰγίνης
799 1094 837 1158 τὸ
861 1097 979 1161 στενὸν
1002 1091 1054 1179 ἦν.
1075 1133 1116 1143 —-

99 1196 136 1261 B.
161 1196 339 1282 ἀντίσχυεν
355 1197 388 1262 L.
408 1233 445 1244 -—
463 1196 533 1263 ἐπεὶ
543 1199 582 1264 V.

104 1341 141 1350 -
170 1305 277 1387 ἤγουν
306 1302 342 1369 ἐν
369 1312 415 1393 τῷ
439 1312 582 1394 πορθμῷ

100 1411 141 1475 V.
169 1448 205 1457 —
232 1420 277 1499 τῷ
303 1411 373 1496 (τῆς
397 1411 437 1496 L)
461 1411 582 1496 μεταξὺ

96 1519 240 1602 Αἰγίνης
288 1516 344 1583 καὶ
390 1523 583 1604 Σαλαμῖνος

99 1622 298 1711 (σαλαμίνης
325 1623 366 1711 L)
398 1625 500 1691 BGL.
540 1664 579 1674 —

96 1735 200 1812 νεῶν]
224 1742 292 1796 τῶν
312 1729 428 1818 (τινῶν
447 1729 531 1819 eod.)
542 1733 582 1798 V.

99 1875 139 1884 -
180 1839 245 1903 417
284 1840 438 1922 συνήχθη
466 1838 506 1905 V.
538 1875 583 1886 -

96 1946 240 2028 βοήθεια
263 1943 304 2010 V.
336 1982 378 1990 -
411 1945 580 2030 ἀλλήλοις]

97 2062 169 2128 τοῖς
192 2049 341 2136 Πέρσαις
365 2052 404 2117 H.
451 2065 521 2130 τοῖς
544 2054 581 2120 ἐν

96 2169 169 2235 ταῖς
192 2156 294 2222 ναυσί
314 2157 581 2244 ΠέρσαιςΒΘτΙι.
659 2176 663 2181 “

99 2301 137 2312 —
160 2265 225 2330 418
246 2265 282 2329 οί
300 2264 444 2350 Πέρσαι·
467 2284 582 2351 περισ-

96 2372 159 2437 σὸν
177 2372 215 2436 τὸ
232 2368 269 2436 δὲ
283 2370 323 2437 V.
342 2410 378 2419 -
399 2383 470 2450 ταῖς
483 2375 581 2457 κρού-

96 2494 170 2543 σεσι
181 2476 222 2543 V.
246 2479 470 2564 συγκρούσεστ
480 2481 516 2546 Β.
539 2518 578 2528 -

95 2586 161 2650 419
191 2584 370 2651 ἐτύπτοντο
398 2586 460 2652 VL
493 2585 580 2675 (ε”τυ-
634 2587 700 2651 419
738 2586 931 2672 παράλογον
967 2587 1004 2650 τὸ
1045 2586 1116 2650 θυι·-

95 2715 181 2757 πτον
204 2691 255 2778 L).
279 2729 322 2739 -
365 2694 515 2758 ’θίαττον
540 2693 580 2759 V.
633 2695 703 2758 κόν.
726 2730 763 2739 -

98 2837 137 2846 -
155 2799 222 2863 420
237 2796 387 2883 ἀμαθῶς,
400 2799 578 2884 ἀσυνέτως,
634 2800 701 2866 420
725 2799 786 2885 οὐχ
810 2799 921 2878 ἁπλῶς
945 2798 1025 2867 οὐδὲ
1046 2799 1116 2866 ἀδι-

96 2906 250 2989 ἀβούλως
273 2905 313 2970 V.
360 2904 580 2993 ἄνεπιστηρό-
636 2907 772 2984 θᾶκτως.
792 2945 835 2956 --

95 3036 163 3089 νως
186 3011 328 3077 HBGL.
359 3050 397 3060 -
428 3014 492 3078 421
522 3015 580 3096 γύ-

96 3127 211 3201 ρωθεν
234 3121 375 3183 ἔτυπτον
391 3118 431 3183 V.
453 3156 489 3165 -
512 3121 580 3184 ἔπτ-

95 3248 179 3292 πτον
205 3225 244 3290 V.
270 3263 306 3271 —
334 3225 507 3309 ὑπτιοῦτο]
533 3225 580 3306 ἐξ·

96 3332 210 3399 ἔπιπτε
229 3332 270 3398 Η.
293 3368 335 3378 -
358 3332 424 3396 422
448 3334 523 3416 ἤτοι
546 3334 584 3398 αί
634 3334 700 3399 422
725 3331 799 3398 ἀντὶ
822 3341 883 3398 τοῦ
906 3333 944 3398 αί
963 3341 1049 3417 νῆες.
1078 3369 1115 3379 -

95 3449 173 3524 νῆες
214 3438 254 3506 V.
314 3450 581 3524 περτφραστικῶς

96 3547 134 3611 αί
162 3553 240 3629 νῆες
269 3545 311 3610 H.
345 3583 388 3594 -
427 3546 512 3615 ὥστε
540 3546 584 3616 V.
