2430 3856
502 172 714 223 PRAEFATIO.
1055 173 1119 222 XLI

103 342 174 397 esso
197 331 340 417 possint,
368 332 407 397 de
435 332 575 417 singulis
603 335 675 397 tum
703 333 832 398 demum
856 332 1009 398 iudicium
1031 332 1119 397 forro

100 437 222 523 licebit,
245 459 317 502 oum
337 461 355 503 o
372 439 523 524 pluribus
542 439 705 504 codicibus
725 439 856 505 collatis
869 440 989 505 notitia
1008 439 1119 505 arohe-

100 545 172 631 typi
195 545 314 610 sortior
342 545 432 611 facto
459 547 530 611 erit.
575 544 712 610 Interim
740 545 822 611 huso
851 545 997 611 notanda
1027 549 1119 611 sunit

168 649 369 736 Supplentur
390 651 426 717 in
449 651 597 738 scholiis,
625 674 706 737 quae
729 656 846 739 poetae
870 653 1021 718 omittere
1044 652 1117 716 lice·

98 758 166 841 bas,
188 759 279 823 velut
403 740 406 745 ’
853 761 855 766 ’

166 865 210 950 81.
228 864 262 929 M
281 863 394 952 Suppl.
414 866 477 931 133
503 866 542 929 ad
566 864 695 952 ἀπάξει]
719 865 812 952 ἡμᾶς.

166 972 210 1057 81.
229 970 260 1035 V
279 970 368 1038 Pers.
387 974 453 1046 552
477 973 517 1037 ad
545 971 662 1058 ἤγαγε]
690 973 750 1038 τὸυ
778 973 921 1058 στρατὸν
949 973 1120 1058 δηλονότι.

166 1079 232 1146 soh.
251 1077 286 1142 M
305 1077 384 1144 Cho.
403 1080 469 1145 419
493 1079 534 1144 ad
552 1080 690 1165 πάρεστι
714 1078 858 1164 σαίνειν]
882 1088 921 1165 τῇ
940 1077 1039 1167 μητρὶ
1057 1082 1119 1146 τὸν

94 1183 335 1271 Ἀγαμέμνονα.
374 1186 439 1251 soh.
457 1185 492 1250 M
510 1186 606 1251 Eum.
626 1187 688 1251 261
711 1187 750 1251 ad
772 1186 810 1251 τὸ
831 1183 862 1250 δ’
884 1186 925 1252 οὐ
943 1187 1120 1272 πάρεστιν]

99 1293 142 1360 οὐ
164 1293 324 1380 πάρεστιν
348 1292 437 1381 αὐτῷ
460 1301 594 1376 νικῆσαι
616 1292 711 1377 ἡμᾶς.

66 1421 68 1426 ·
167 1401 211 1486 81.
234 1399 264 1466 V
289 1400 355 1466 620
389 1400 430 1464 ad
465 1399 569 1485 παρα]
606 1412 678 1477 ταῖς
710 1399 802 1485 ἐμαῖς
833 1398 927 1486 χερσὶ
959 1402 1119 1485 δηλονότι

96 1504 153 1596 (of.
171 1506 225 1594 A).

168 1615 235 1680 soh.
253 1612 289 1679 M
308 1613 417 1678 Prom.
436 1615 501 1680 936
526 1613 566 1679 ad
589 1616 743 1700 πόριμος]
768 1617 909 1700 πόριμος
932 1614 1055 1692 αὐτοῖς.

167 1722 211 1806 81.
229 1720 261 1784 V
280 1721 344 1786 297
369 1721 409 1786 ad
435 1721 613 1802 διδόντων]
640 1721 764 1804 αὐτοῖς,
788 1722 944 1804 δηλονότι
968 1722 1079 1798 αὐτοίς.

168 1828 212 1914 81.
227 1826 259 1893 V
273 1827 339 1892 213
364 1827 404 1892 ad
427 1829 576 1912 παρεῖχε]
601 1827 716 1892 ἐδίδου
739 1836 785 1914 τῷ
811 1825 917 1910 ίέρακι
941 1825 997 1914 (of.
1014 1828 1066 1913 A).

166 1935 233 1999 soh.
249 1933 287 2000 ¹M
304 1934 413 1999 Proin.
433 1937 498 2000 222
527 1935 567 1999 ad
596 1935 737 2019 αἱμύλας
765 1930 802 2000 δὲ
830 1935 992 2019 μηχανὰς]
1023 1951 1120 2001 συνε-

95 2040 166 2125 τοῖς,
190 2042 248 2118 τὰς
271 2041 350 2126 ἐμὰς
374 2042 478 2124 δῆλον
502 2042 561 2107 ὅτι.

167 2149 211 2235 81.
228 2146 261 2213 V
284 2149 349 2214 609
383 2149 421 2212 ad
457 2148 596 2233 φρένας]
629 2147 797 2234 ἡμετέρας.
843 2152 909 2216 sch.
933 2151 963 2215 A
983 2152 1045 2216 631
1076 2151 1118 2215 οδ

98 2265 213 2322 κακῶν
236 2278 265 2321 v.
285 2256 364 2337 634]
387 2265 455 2320 τῶν
478 2254 646 2341 ἡμετέρων
668 2268 789 2322 κακῶν.

167 2362 233 2428 soh.
252 2361 287 2426 M
305 2361 398 2427 Eum.
419 2363 479 2427 641
510 2363 549 2426 ad
574 2357 683 2445 εἶκον]
710 2364 745 2427 οί
766 2365 927 2430 δικασταί.

167 2469 211 2554 81.
230 2467 261 2534 V
278 2469 346 2536 465
371 2469 410 2533 ad
435 2471 586 2551 παίουσι]
611 2470 646 2535 οί
658 2467 817 2555 Ἕλληνες
841 2467 856 2558 (
875 2472 896 2536 f.
915 2469 969 2558 A).

167 2576 211 2658 gl.
229 2574 261 2641 V
279 2576 346 2642 455
375 2573 415 2642 αδ
443 2579 619 2659 κτείνοιεν]
648 2578 827 2661 φονεύοιεν
855 2578 891 2643 οί
911 2575 1048 2664 Πέρσαι.

169 2681 305 2767 Saepius
330 2682 371 2748 ad
394 2685 591 2769 pronomina
614 2687 756 2769 notatur,
785 2685 857 2769 quis
881 2688 939 2750 aut
962 2708 1043 2769 quae
1068 2698 1133 2751 res'

100 2789 148 2856 eis
174 2790 382 2877 significetur,
406 2796 443 2856 ut

165 2899 209 2983 gl.
228 2897 264 2963 Μ
283 2896 363 2964 Cho.
381 2898 447 2963 419
472 2898 512 2963 ad
535 2900 576 2963 τδι
600 2895 647 2987 δ’]
672 2900 711 2963 τὰ
735 2900 807 2984 δίχα.

166 3006 208 3091 81.
227 3004 259 3068 V
279 3006 345 3070 220
368 3007 408 3069 ad
431 3001 549 3088 τῶνδ’]
573 3017 640 3071 τῶν
664 3016 784 3071 κακῶν.

166 3111 233 3176 soh.
256 3110 292 3176 M
315 3110 394 3178 Cho.
417 3113 483 3177 452
517 3113 557 3177 ad
589 3114 629 3177 τὰ
663 3107 694 3177 δ’
730 3114 829 3192 αὐτὸς
861 3114 945 3201 ὀργᾷ
978 3117 1118 3197 μαθεῖν]

97 3217 210 3296 αὐτόςτ
230 3218 402 3284 τουτέστιν
417 3218 576 3304 ἐπιθυμεῖ
593 3216 629 3285 δὲ
648 3221 688 3285 τὰ
707 3221 806 3286 λοιπὰ
825 3232 952 3305 γνῶναι
967 3219 984 3284 ὁ
999 3222 1118 3306 πατήρ.

165 3328 208 3413 81.
227 3324 259 3392 V
277 3326 343 3392 487
369 3326 408 3392 ad
433 3320 468 3391 οἳ
489 3321 537 3408 δ’]
561 3327 657 3392 ἄλλοι
680 3331 843 3411 περισσοί.

167 3433 235 3499 soh.
254 3432 289 3498 M
309 3430 389 3502 Cho.
408 3434 473 3500 248
499 3433 539 3499 ad
561 3436 641 3512 τοὺς
665 3430 713 3516 δ’]
739 3431 814 3498 ἀντὶ
835 3443 897 3499 τοῦ
919 3434 1012 3519 ἡμᾶς.

166 3526 235 3607 soh.
253 3539 288 3604 M
307 3539 402 3606 Eum.
421 3541 487 3607 503
510 3541 550 3606 ad
568 3535 692 3622 τῶνδ’]
715 3539 809 3625 ἡμῶν
833 3541 936 3625 δῆλον
961 3543 1023 3607 ὅτι.
