2430 3856
475 189 515 239 IN
533 189 565 240 V.
584 189 735 241 411-414.

95 563 277 647 βραδύνειν
300 562 407 628 VHL.
439 600 476 610 -
508 587 578 628 και-

96 671 155 755 ρὸς
174 668 318 734 VHBG.
340 707 379 716 -

94 991 160 1053 411
180 986 355 1073 Ἑλληνικὴ
366 988 405 1054 V.
428 988 449 1073 ἡ
470 984 579 1073 Ἐλλη·
633 990 697 1054 411
744 989 781 1053 τὸ
827 990 972 1072 ἔμβολον
1013 986 1114 1071 λέγει·

93 1097 170 1179 νικὴ
203 1096 243 1160 Η.
276 1133 319 1143 -
357 1101 504 1181 Περσικῇ
539 1096 579 1162 V.
634 1098 754 1162 στόλον
773 1091 811 1160 δέ
829 1093 917 1178 λέγει
935 1091 1013 1179 παρ’
1032 1095 1114 1160 ὅσον

30 1200 32 1205 ’
95 1211 135 1287 τῇ
169 1208 318 1289 Περσικῇ
353 1202 509 1286 δηλονότι
538 1203 577 1268 Η.
633 1204 680 1279 εἰς
703 1201 762 1280 ὀξὺ
787 1199 1048 1286 συνεσταλμέναι
1071 1203 1115 1266 εό-

99 1347 137 1356 -
170 1310 230 1374 τὸν
262 1312 407 1394 ἔμβολον
439 1311 499 1374 τὸν
531 1311 578 1386 εἰς
633 1312 700 1374 σι’ν·
747 1309 853 1385 οὕτως
893 1311 956 1393 γὰρ
999 1311 1114 1392 ἔλεγον

95 1417 155 1495 ὀξὺ
187 1419 332 1500 λήγοντα
355 1415 394 1482 V.
430 1454 473 1464 -
511 1417 577 1481 412
633 1418 754 1482 στόλον
802 1417 843 1481 τὰ
883 1415 1113 1501 ἀτωξυμμένα.

95 1523 301 1607 ἔκρουσενλ.
322 1525 454 1607 ἔτυψεν,
464 1525 578 1609 ἔκρου-
632 1522 721 1588 Haec
739 1526 816 1607 post
831 1523 897 1590 seh.
912 1547 941 1590 v.
955 1525 1036 1609 403,
1058 1525 1113 1588 sed

94 1649 153 1694 σεν
172 1631 205 1694 L.
229 1669 265 1678 —
632 1629 663 1693 h.
680 1629 715 1693 l.:
752 1630 812 1694 τὸν
850 1631 993 1714 ἔμβολον
1025 1632 1114 1716 παρὰ

632 1736 669 1801 τὸ
689 1737 736 1812 εἰς
750 1736 808 1816 ὀξὺ
824 1738 1059 1803 συνεστάλθαι.
1074 1775 1109 1785 —

96 2681 163 2745 412
187 2679 292 2765 ἀρχὴν
318 2679 452 2763 ἐποίησε
475 2678 515 2744 V.
538 2717 574 2727 —

95 2789 203 2870 ἤγουν
222 2795 280 2870 τῆς
294 2787 527 2870 συγκρούσεως
539 2786 578 2850 V.

98 2931 140 2940 -
165 2894 231 2959 413
256 2894 426 2958 διακόπτει
449 2893 576 2958 VH.—

97 3007 266 3084 Περσικῆς
280 3000 374 3066 V.—
396 3001 462 3065 414
481 2999 579 3086 οἰκρο-
632 3003 699 3067 413
736 2996 807 3064 ἀντὶ
850 3008 911 3064 τοῦ
947 3002 1115 3085 Περσίδος

97 3110 213 3173 στόλια
232 3107 309 3172 VH.
331 3145 370 3153 —
632 3104 714 3194 (gh).
738 3144 775 3153 —

97 3216 216 3299 ἄλλην]
245 3223 331 3278 ναῦν
354 3214 425 3278 VL.
449 3252 492 3259 -
518 3215 579 3298 τὴν

97 3331 162 3405 νῆα
186 3319 274 3404 λέγει
293 3319 332 3384 V.
363 3337 579 3406 περιφραστι-

97 3439 164 3504 πῶς
186 3429 247 3511 τὴν
270 3436 334 3510 νῆα
353 3427 394 3492 Η.
416 3463 457 3473 -
633 3428 701 3491 414
723 3428 785 3511 τὴν
810 3433 899 3490 υαὶιυ
926 3426 1017 3504 δόρυ
1041 3430 1137 3497 &Q-

641 3559 717 3603 κεν.
736 3572 784 3582 -
