<?xml version="1.0" encoding="UTF-8"?>
<!DOCTYPE html PUBLIC "-//W3C//DTD XHTML 1.0 Transitional//EN"
    "http://www.w3.org/TR/xhtml1/DTD/xhtml1-transitional.dtd">
<html xmlns="http://www.w3.org/1999/xhtml" xml:lang="en" lang="en">
 <head>
  <title>
</title>
<meta http-equiv="Content-Type" content="text/html;charset=utf-8" />
  <meta name='ocr-system' content='tesseract 3.04.00' />
  <meta name='ocr-capabilities' content='ocr_page ocr_carea ocr_par ocr_line ocrx_word'/>
</head>
<body>
  <div class='ocr_page' id='page_1' title='image "./scholiainaeschy01dhgoog_0170.png"; bbox 0 0 2430 3856; ppageno 0'>
   <div class='ocr_carea' id='block_1_1' title="bbox 482 157 743 210">
    <p class='ocr_par' dir='ltr' id='par_1_1' title="bbox 482 157 743 210">
     <span class='ocr_line' id='line_1_1' title="bbox 482 157 743 210; baseline 0.015 -4"><span class='ocrx_word' id='word_1_1' title='bbox 482 157 522 207; x_wconf 89' lang='lat' dir='ltr'><strong><em>IN</em></strong></span> <span class='ocrx_word' id='word_1_2' title='bbox 540 157 574 208; x_wconf 89' lang='lat' dir='ltr'><strong><em>V.</em></strong></span> <span class='ocrx_word' id='word_1_3' title='bbox 593 159 743 210; x_wconf 82' lang='grc'><strong><em>283-289.</em></strong></span> 
     </span>
    </p>
   </div>
   <div class='ocr_carea' id='block_1_2' title="bbox 99 315 585 1257">
    <p class='ocr_par' dir='ltr' id='par_1_2' title="bbox 102 315 584 490">
     <span class='ocr_line' id='line_1_2' title="bbox 102 315 584 402; baseline 0.004 -22"><span class='ocrx_word' id='word_1_4' title='bbox 102 315 304 400; x_wconf 76' lang='grc' dir='ltr'><strong><em>κρούσεσΝ.</em></strong></span> <span class='ocrx_word' id='word_1_5' title='bbox 318 318 584 402; x_wconf 86' lang='grc' dir='ltr'><strong><em>προσκρούσεσιν</em></strong></span> 
     </span>
     <span class='ocr_line' id='line_1_3' title="bbox 104 421 514 490; baseline 0.007 -5"><span class='ocrx_word' id='word_1_6' title='bbox 104 421 141 487; x_wconf 93' lang='grc' dir='ltr'><strong><em>Β.</em></strong></span> <span class='ocrx_word' id='word_1_7' title='bbox 178 423 395 488; x_wconf 83' lang='grc' dir='ltr'><strong><em>συνελεύσεσι</em></strong></span> <span class='ocrx_word' id='word_1_8' title='bbox 408 423 450 490; x_wconf 91' lang='grc' dir='ltr'><strong><em>Η.</em></strong></span> <span class='ocrx_word' id='word_1_9' title='bbox 478 461 514 472; x_wconf 85' lang='grc'>-</span> 
     </span>
    </p>

    <p class='ocr_par' dir='ltr' id='par_1_3' title="bbox 99 530 585 1257">
     <span class='ocr_line' id='line_1_4' title="bbox 101 530 585 616; baseline 0.004 -22"><span class='ocrx_word' id='word_1_10' title='bbox 101 531 167 595; x_wconf 87' lang='grc'><strong><em>283</em></strong></span> <span class='ocrx_word' id='word_1_11' title='bbox 180 531 288 613; x_wconf 81' lang='grc' dir='ltr'><strong><em>κράζε,</em></strong></span> <span class='ocrx_word' id='word_1_12' title='bbox 302 531 409 614; x_wconf 83' lang='grc' dir='ltr'><strong><em>φώνει</em></strong></span> <span class='ocrx_word' id='word_1_13' title='bbox 417 530 459 595; x_wconf 89' lang='grc' dir='ltr'><strong><em>Η.</em></strong></span> <span class='ocrx_word' id='word_1_14' title='bbox 478 533 585 616; x_wconf 82' lang='grc' dir='ltr'><strong><em>φώνει</em></strong></span> 
     </span>
     <span class='ocr_line' id='line_1_5' title="bbox 101 634 584 723; baseline 0.002 -22"><span class='ocrx_word' id='word_1_15' title='bbox 101 635 133 701; x_wconf 91' lang='lat' dir='ltr'><strong>V</strong></span> <span class='ocrx_word' id='word_1_16' title='bbox 149 634 288 723; x_wconf 80' lang='grc' dir='ltr'><strong>(ἐφώνει</strong></span> <span class='ocrx_word' id='word_1_17' title='bbox 310 637 404 720; x_wconf 86' lang='grc' dir='ltr'><strong><em>οοδ.).</em></strong></span> <span class='ocrx_word' id='word_1_18' title='bbox 433 674 475 684; x_wconf 87' lang='grc'>-</span> <span class='ocrx_word' id='word_1_19' title='bbox 505 639 584 702; x_wconf 90' lang='grc' dir='ltr'><strong><em>δυσ-</em></strong></span> 
     </span>
     <span class='ocr_line' id='line_1_6' title="bbox 100 741 585 831; baseline 0.002 -23"><span class='ocrx_word' id='word_1_20' title='bbox 100 753 182 827; x_wconf 81' lang='grc' dir='ltr'><strong><em>τυχῆ</em></strong></span> <span class='ocrx_word' id='word_1_21' title='bbox 199 742 299 808; x_wconf 75' lang='lat' dir='ltr'><strong><em>VBG</em></strong></span> <span class='ocrx_word' id='word_1_22' title='bbox 321 741 401 831; x_wconf 82' lang='lat' dir='ltr'><strong><em>(BG</em></strong></span> <span class='ocrx_word' id='word_1_23' title='bbox 420 745 506 809; x_wconf 70' lang='grc' dir='ltr'><strong><em>αδδς</em></strong></span> <span class='ocrx_word' id='word_1_24' title='bbox 530 743 585 810; x_wconf 81' lang='grc' dir='ltr'><strong><em>καὶ</em></strong></span> 
     </span>
     <span class='ocr_line' id='line_1_7' title="bbox 104 851 584 935; baseline 0.004 -21"><span class='ocrx_word' id='word_1_25' title='bbox 104 851 352 933; x_wconf 76' lang='grc' dir='ltr'><strong><em>δυσθρήνητον.</em></strong></span> <span class='ocrx_word' id='word_1_26' title='bbox 398 851 497 930; x_wconf 77' lang='grc' dir='ltr'><strong><em>αἰάζω</em></strong></span> <span class='ocrx_word' id='word_1_27' title='bbox 521 853 584 935; x_wconf 79' lang='grc' dir='ltr'><strong><em>γὰρ</em></strong></span> 
     </span>
     <span class='ocr_line' id='line_1_8' title="bbox 100 955 583 1042; baseline 0 -20"><span class='ocrx_word' id='word_1_28' title='bbox 100 958 138 1022; x_wconf 86' lang='grc' dir='ltr'><strong><em>τὸ</em></strong></span> <span class='ocrx_word' id='word_1_29' title='bbox 165 963 294 1042; x_wconf 75' lang='grc' dir='ltr'><strong><em>θρηνῶ.</em></strong></span> <span class='ocrx_word' id='word_1_30' title='bbox 340 955 453 1022; x_wconf 84' lang='lat' dir='ltr'>Solum</span> <span class='ocrx_word' id='word_1_31' title='bbox 484 959 583 1037; x_wconf 80' lang='grc' dir='ltr'><strong><em>αἰάζω</em></strong></span> 
     </span>
     <span class='ocr_line' id='line_1_9' title="bbox 101 1060 585 1151; baseline 0.006 -24"><span class='ocrx_word' id='word_1_32' title='bbox 101 1068 168 1128; x_wconf 89' lang='grc' dir='ltr'><strong><em>κτλ.</em></strong></span> <span class='ocrx_word' id='word_1_33' title='bbox 183 1061 232 1151; x_wconf 84' lang='lat' dir='ltr'><strong><em>L).</em></strong></span> <span class='ocrx_word' id='word_1_34' title='bbox 255 1060 302 1110; x_wconf 54' lang='lat'><strong><em>—&#39;</em></strong></span> <span class='ocrx_word' id='word_1_35' title='bbox 319 1064 585 1148; x_wconf 75' lang='grc' dir='ltr'><strong><em>δυστυχέστατον</em></strong></span> 
     </span>
     <span class='ocr_line' id='line_1_10' title="bbox 99 1169 582 1257; baseline 0.004 -23"><span class='ocrx_word' id='word_1_36' title='bbox 99 1169 140 1235; x_wconf 94' lang='grc' dir='ltr'><strong><em>Η.</em></strong></span> <span class='ocrx_word' id='word_1_37' title='bbox 173 1207 210 1216; x_wconf 96' lang='grc'><strong>-</strong></span> <span class='ocrx_word' id='word_1_38' title='bbox 245 1172 312 1236; x_wconf 84' lang='grc'><strong><em>284</em></strong></span> <span class='ocrx_word' id='word_1_39' title='bbox 345 1173 582 1257; x_wconf 78' lang='grc' dir='ltr'><strong><em>δυσθρήνητον</em></strong></span> 
     </span>
    </p>
   </div>
   <div class='ocr_carea' id='block_1_3' title="bbox 100 1277 604 1362">
    <p class='ocr_par' dir='ltr' id='par_1_4' title="bbox 100 1277 604 1362">
     <span class='ocr_line' id='line_1_11' title="bbox 100 1277 604 1362; baseline -0.004 -21"><span class='ocrx_word' id='word_1_40' title='bbox 100 1277 140 1343; x_wconf 93' lang='grc' dir='ltr'><strong><em>Η,</em></strong></span> <span class='ocrx_word' id='word_1_41' title='bbox 168 1278 380 1362; x_wconf 78' lang='grc' dir='ltr'><strong><em>δρηνητικὴν</em></strong></span> <span class='ocrx_word' id='word_1_42' title='bbox 394 1277 434 1343; x_wconf 90' lang='lat' dir='ltr'><strong><em>V.</em></strong></span> <span class='ocrx_word' id='word_1_43' title='bbox 457 1315 492 1325; x_wconf 96' lang='lat'>-</span> <span class='ocrx_word' id='word_1_44' title='bbox 515 1280 604 1345; x_wconf 83' lang='grc'><strong><em>285.</em></strong></span> 
     </span>
    </p>
   </div>
   <div class='ocr_carea' id='block_1_4' title="bbox 98 1384 583 1791">
    <p class='ocr_par' dir='ltr' id='par_1_5' title="bbox 98 1384 583 1791">
     <span class='ocr_line' id='line_1_12' title="bbox 99 1384 581 1469; baseline 0.004 -20"><span class='ocrx_word' id='word_1_45' title='bbox 99 1389 290 1469; x_wconf 77' lang='grc' dir='ltr'><strong><em>πολεμικοῖς</em></strong></span> <span class='ocrx_word' id='word_1_46' title='bbox 317 1384 427 1450; x_wconf 91' lang='lat' dir='ltr'><strong>VHL.</strong></span> <span class='ocrx_word' id='word_1_47' title='bbox 448 1433 450 1438; x_wconf 87' lang='lat'>-</span> <span class='ocrx_word' id='word_1_48' title='bbox 485 1390 581 1451; x_wconf 84' lang='grc' dir='ltr'><strong><em>πολε-</em></strong></span> 
     </span>
     <span class='ocr_line' id='line_1_13' title="bbox 99 1491 580 1577; baseline 0.004 -22"><span class='ocrx_word' id='word_1_49' title='bbox 99 1494 187 1575; x_wconf 90' lang='grc' dir='ltr'><strong><em>μιόις</em></strong></span> <span class='ocrx_word' id='word_1_50' title='bbox 203 1491 237 1557; x_wconf 89' lang='lat' dir='ltr'><strong><em>B.</em></strong></span> <span class='ocrx_word' id='word_1_51' title='bbox 270 1491 541 1576; x_wconf 75' lang='grc' dir='ltr'><strong><em>διακονουμένοις</em></strong></span> <span class='ocrx_word' id='word_1_52' title='bbox 559 1493 580 1577; x_wconf 77' lang='grc' dir='ltr'><strong><em>ἦ</em></strong></span> 
     </span>
     <span class='ocr_line' id='line_1_14' title="bbox 98 1598 581 1684; baseline 0.004 -22"><span class='ocrx_word' id='word_1_53' title='bbox 98 1609 169 1674; x_wconf 78' lang='grc' dir='ltr'><strong><em>τοῖς</em></strong></span> <span class='ocrx_word' id='word_1_54' title='bbox 190 1602 381 1684; x_wconf 81' lang='grc' dir='ltr'><strong><em>πολεμικοῖς</em></strong></span> <span class='ocrx_word' id='word_1_55' title='bbox 396 1598 434 1663; x_wconf 83' lang='lat' dir='ltr'><strong><em>G.</em></strong></span> <span class='ocrx_word' id='word_1_56' title='bbox 448 1636 492 1645; x_wconf 93' lang='lat'><em>-</em></span> <span class='ocrx_word' id='word_1_57' title='bbox 514 1600 581 1665; x_wconf 85' lang='lat'><strong><em>286</em></strong></span> 
     </span>
     <span class='ocr_line' id='line_1_15' title="bbox 99 1701 583 1791; baseline 0 -21"><span class='ocrx_word' id='word_1_58' title='bbox 99 1704 259 1791; x_wconf 81' lang='grc' dir='ltr'><strong><em>ἐποίησαν</em></strong></span> <span class='ocrx_word' id='word_1_59' title='bbox 275 1707 310 1771; x_wconf 77' lang='grc' dir='ltr'><strong><em>οἱ</em></strong></span> <span class='ocrx_word' id='word_1_60' title='bbox 322 1701 497 1788; x_wconf 72' lang='grc' dir='ltr'><strong><em>Ἀθηναῖοι</em></strong></span> <span class='ocrx_word' id='word_1_61' title='bbox 511 1705 531 1789; x_wconf 83' lang='grc' dir='ltr'><strong><em>ή</em></strong></span> <span class='ocrx_word' id='word_1_62' title='bbox 547 1706 583 1770; x_wconf 78' lang='grc' dir='ltr'><strong><em>ολ</em></strong></span> 
     </span>
    </p>
   </div>
   <div class='ocr_carea' id='block_1_5' title="bbox 97 1810 608 1896">
    <p class='ocr_par' dir='ltr' id='par_1_6' title="bbox 97 1810 608 1896">
     <span class='ocr_line' id='line_1_16' title="bbox 97 1810 608 1896; baseline 0 -20"><span class='ocrx_word' id='word_1_63' title='bbox 97 1811 174 1877; x_wconf 75' lang='grc' dir='ltr'><strong><em>θεοὶ</em></strong></span> <span class='ocrx_word' id='word_1_64' title='bbox 189 1812 227 1877; x_wconf 91' lang='lat' dir='ltr'><strong><em>V.</em></strong></span> <span class='ocrx_word' id='word_1_65' title='bbox 252 1813 288 1878; x_wconf 78' lang='grc' dir='ltr'><strong><em>ολ</em></strong></span> <span class='ocrx_word' id='word_1_66' title='bbox 303 1810 380 1878; x_wconf 78' lang='grc' dir='ltr'><strong><em>θεοὶ</em></strong></span> <span class='ocrx_word' id='word_1_67' title='bbox 394 1812 480 1876; x_wconf 82' lang='lat' dir='ltr'>infra</span> <span class='ocrx_word' id='word_1_68' title='bbox 495 1813 580 1896; x_wconf 90' lang='lat' dir='ltr'>quod</span> <span class='ocrx_word' id='word_1_69' title='bbox 606 1827 608 1832; x_wconf 86' lang='lat'>&#39;</span> 
     </span>
    </p>
   </div>
   <div class='ocr_carea' id='block_1_6' title="bbox 96 1918 584 2627">
    <p class='ocr_par' dir='ltr' id='par_1_7' title="bbox 97 1918 584 2324">
     <span class='ocr_line' id='line_1_17' title="bbox 99 1918 584 2003; baseline 0.002 -19"><span class='ocrx_word' id='word_1_70' title='bbox 99 1920 260 2003; x_wconf 85' lang='grc' dir='ltr'><strong><em>ἐποίησαν</em></strong></span> <span class='ocrx_word' id='word_1_71' title='bbox 283 1919 325 1984; x_wconf 92' lang='grc' dir='ltr'><strong><em>Η.</em></strong></span> <span class='ocrx_word' id='word_1_72' title='bbox 363 1918 524 2003; x_wconf 82' lang='grc' dir='ltr'><strong><em>ἐποίησαν</em></strong></span> <span class='ocrx_word' id='word_1_73' title='bbox 548 1920 584 1985; x_wconf 79' lang='grc' dir='ltr'><strong><em>ολ</em></strong></span> 
     </span>
     <span class='ocr_line' id='line_1_18' title="bbox 99 2023 580 2113; baseline 0.004 -23"><span class='ocrx_word' id='word_1_74' title='bbox 99 2023 226 2111; x_wconf 81' lang='grc' dir='ltr'><strong><em>Πέρσαι</em></strong></span> <span class='ocrx_word' id='word_1_75' title='bbox 242 2025 278 2092; x_wconf 80' lang='lat' dir='ltr'><strong><em>G.</em></strong></span> <span class='ocrx_word' id='word_1_76' title='bbox 299 2048 339 2073; x_wconf 65' lang='lat'><strong><em>-2</em></strong></span> <span class='ocrx_word' id='word_1_77' title='bbox 360 2037 426 2113; x_wconf 79' lang='grc' dir='ltr'><strong><em>φεῦ</em></strong></span> <span class='ocrx_word' id='word_1_78' title='bbox 438 2026 478 2093; x_wconf 90' lang='lat' dir='ltr'><strong><em>V.</em></strong></span> <span class='ocrx_word' id='word_1_79' title='bbox 503 2036 580 2112; x_wconf 84' lang='grc' dir='ltr'><strong>φεῦ,</strong></span> 
     </span>
     <span class='ocr_line' id='line_1_19' title="bbox 98 2133 581 2217; baseline 0 -19"><span class='ocrx_word' id='word_1_80' title='bbox 98 2143 164 2217; x_wconf 84' lang='grc' dir='ltr'><strong><em>φεῦ</em></strong></span> <span class='ocrx_word' id='word_1_81' title='bbox 188 2134 222 2199; x_wconf 88' lang='lat' dir='ltr'><strong><em>L.</em></strong></span> <span class='ocrx_word' id='word_1_82' title='bbox 250 2172 295 2181; x_wconf 95' lang='lat'>-</span> <span class='ocrx_word' id='word_1_83' title='bbox 327 2133 424 2200; x_wconf 81' lang='grc' dir='ltr'><strong><em>ἕνεκα</em></strong></span> <span class='ocrx_word' id='word_1_84' title='bbox 456 2142 516 2200; x_wconf 89' lang='grc' dir='ltr'><strong><em>τοῦ</em></strong></span> <span class='ocrx_word' id='word_1_85' title='bbox 539 2133 581 2199; x_wconf 98' lang='lat' dir='ltr'><strong><em>V.</em></strong></span> 
     </span>
     <span class='ocr_line' id='line_1_20' title="bbox 97 2239 547 2324; baseline -0.002 -19"><span class='ocrx_word' id='word_1_86' title='bbox 97 2239 254 2324; x_wconf 81' lang='grc' dir='ltr'><strong><em>ἕνεκε&lt;ν&gt;</em></strong></span> <span class='ocrx_word' id='word_1_87' title='bbox 268 2241 310 2306; x_wconf 95' lang='grc' dir='ltr'><strong><em>Η.</em></strong></span> <span class='ocrx_word' id='word_1_88' title='bbox 334 2241 443 2306; x_wconf 82' lang='grc' dir='ltr'><strong><em>εἵνεκα</em></strong></span> <span class='ocrx_word' id='word_1_89' title='bbox 457 2240 494 2306; x_wconf 88' lang='grc' dir='ltr'><strong><em>Β.</em></strong></span> <span class='ocrx_word' id='word_1_90' title='bbox 510 2279 547 2287; x_wconf 97' lang='grc'><strong>-</strong></span> 
     </span>
    </p>

    <p class='ocr_par' dir='ltr' id='par_1_8' title="bbox 96 2348 579 2627">
     <span class='ocr_line' id='line_1_21' title="bbox 98 2348 578 2430; baseline 0.002 -20"><span class='ocrx_word' id='word_1_91' title='bbox 98 2349 162 2413; x_wconf 84' lang='grc'><strong><em>287</em></strong></span> <span class='ocrx_word' id='word_1_92' title='bbox 177 2351 357 2430; x_wconf 81' lang='grc' dir='ltr'><strong><em>πλεῖστον]</em></strong></span> <span class='ocrx_word' id='word_1_93' title='bbox 388 2348 470 2412; x_wconf 80' lang='grc' dir='ltr'><strong><em>κατὰ</em></strong></span> <span class='ocrx_word' id='word_1_94' title='bbox 492 2350 578 2412; x_wconf 88' lang='grc' dir='ltr'><strong><em>πολὺ</em></strong></span> 
     </span>
     <span class='ocr_line' id='line_1_22' title="bbox 97 2453 579 2538; baseline -0.006 -18"><span class='ocrx_word' id='word_1_95' title='bbox 97 2454 139 2520; x_wconf 81' lang='grc' dir='ltr'><strong>Η</strong></span> <span class='ocrx_word' id='word_1_96' title='bbox 158 2492 199 2500; x_wconf 99' lang='grc'>-</span> <span class='ocrx_word' id='word_1_97' title='bbox 225 2465 322 2538; x_wconf 75' lang='grc' dir='ltr'><strong><em>μῖσος</em></strong></span> <span class='ocrx_word' id='word_1_98' title='bbox 339 2453 380 2519; x_wconf 88' lang='lat' dir='ltr'><strong><em>V.</em></strong></span> <span class='ocrx_word' id='word_1_99' title='bbox 406 2491 444 2500; x_wconf 89' lang='lat'><em>-</em></span> <span class='ocrx_word' id='word_1_100' title='bbox 470 2455 518 2530; x_wconf 79' lang='grc' dir='ltr'><strong><em>εἰς</em></strong></span> <span class='ocrx_word' id='word_1_101' title='bbox 541 2454 579 2518; x_wconf 85' lang='grc' dir='ltr'><strong><em>τὸ</em></strong></span> 
     </span>
     <span class='ocr_line' id='line_1_23' title="bbox 96 2560 579 2627; baseline -0.002 -2"><span class='ocrx_word' id='word_1_102' title='bbox 96 2560 137 2625; x_wconf 91' lang='lat' dir='ltr'><strong><em>V.</em></strong></span> <span class='ocrx_word' id='word_1_103' title='bbox 161 2562 244 2626; x_wconf 79' lang='grc' dir='ltr'><strong><em>ὥστε</em></strong></span> <span class='ocrx_word' id='word_1_104' title='bbox 258 2561 335 2627; x_wconf 84' lang='lat' dir='ltr'><strong><em>HG.</em></strong></span> <span class='ocrx_word' id='word_1_105' title='bbox 351 2599 392 2607; x_wconf 97' lang='lat'>—</span> <span class='ocrx_word' id='word_1_106' title='bbox 413 2561 477 2627; x_wconf 89' lang='grc'><strong><em>288</em></strong></span> <span class='ocrx_word' id='word_1_107' title='bbox 502 2563 579 2625; x_wconf 87' lang='grc' dir='ltr'><strong><em>λίαν</em></strong></span> 
     </span>
    </p>
   </div>
   <div class='ocr_carea' id='block_1_7' title="bbox 31 2651 576 2859">
    <p class='ocr_par' dir='ltr' id='par_1_9' title="bbox 31 2651 576 2859">
     <span class='ocr_line' id='line_1_24' title="bbox 31 2651 576 2746; baseline 0 -14"><span class='ocrx_word' id='word_1_108' title='bbox 31 2651 33 2657; x_wconf 33' lang='lat'><strong>⁴</strong></span> <span class='ocrx_word' id='word_1_109' title='bbox 96 2667 173 2733; x_wconf 93' lang='lat' dir='ltr'><strong><em>VH.</em></strong></span> <span class='ocrx_word' id='word_1_110' title='bbox 211 2707 253 2714; x_wconf 91' lang='lat'><em>-</em></span> <span class='ocrx_word' id='word_1_111' title='bbox 291 2669 434 2746; x_wconf 82' lang='grc' dir='ltr'><strong><em>στενάζω</em></strong></span> <span class='ocrx_word' id='word_1_112' title='bbox 458 2666 497 2732; x_wconf 86' lang='lat' dir='ltr'><strong><em>V.</em></strong></span> <span class='ocrx_word' id='word_1_113' title='bbox 536 2704 576 2714; x_wconf 89' lang='lat'>-</span> 
     </span>
     <span class='ocr_line' id='line_1_25' title="bbox 96 2773 468 2859; baseline -0.008 -20"><span class='ocrx_word' id='word_1_114' title='bbox 96 2773 351 2859; x_wconf 78' lang='grc' dir='ltr'><strong><em>ἐνθυμούμενος</em></strong></span> <span class='ocrx_word' id='word_1_115' title='bbox 368 2773 408 2837; x_wconf 93' lang='lat' dir='ltr'><strong><em>V.</em></strong></span> <span class='ocrx_word' id='word_1_116' title='bbox 431 2811 468 2820; x_wconf 93' lang='lat'>-</span> 
     </span>
    </p>
   </div>
   <div class='ocr_carea' id='block_1_8' title="bbox 94 3092 578 3500">
    <p class='ocr_par' dir='ltr' id='par_1_10' title="bbox 94 3092 578 3500">
     <span class='ocr_line' id='line_1_26' title="bbox 96 3092 576 3178; baseline -0.008 -16"><span class='ocrx_word' id='word_1_117' title='bbox 96 3096 161 3162; x_wconf 87' lang='grc'><strong><em>289</em></strong></span> <span class='ocrx_word' id='word_1_118' title='bbox 186 3092 332 3178; x_wconf 85' lang='grc' dir='ltr'><strong><em>λυπηραὶ</em></strong></span> <span class='ocrx_word' id='word_1_119' title='bbox 345 3093 385 3160; x_wconf 93' lang='lat' dir='ltr'><strong><em>V.</em></strong></span> <span class='ocrx_word' id='word_1_120' title='bbox 421 3094 576 3177; x_wconf 85' lang='grc' dir='ltr'><strong><em>μισούμε-</em></strong></span> 
     </span>
     <span class='ocr_line' id='line_1_27' title="bbox 95 3199 578 3286; baseline -0.004 -18"><span class='ocrx_word' id='word_1_121' title='bbox 95 3228 153 3268; x_wconf 89' lang='grc' dir='ltr'><strong><em>ναι</em></strong></span> <span class='ocrx_word' id='word_1_122' title='bbox 176 3203 218 3268; x_wconf 91' lang='grc' dir='ltr'><strong><em>Η.</em></strong></span> <span class='ocrx_word' id='word_1_123' title='bbox 264 3199 398 3286; x_wconf 79' lang='grc' dir='ltr'><strong><em>μισηταδ</em></strong></span> <span class='ocrx_word' id='word_1_124' title='bbox 421 3201 457 3266; x_wconf 94' lang='grc' dir='ltr'><strong><em>Β.</em></strong></span> <span class='ocrx_word' id='word_1_125' title='bbox 505 3219 578 3266; x_wconf 90' lang='grc' dir='ltr'><strong><em>στυ-</em></strong></span> 
     </span>
     <span class='ocr_line' id='line_1_28' title="bbox 94 3308 578 3394; baseline -0.004 -19"><span class='ocrx_word' id='word_1_126' title='bbox 94 3313 255 3394; x_wconf 77' lang='grc' dir='ltr'><strong><em>γνότητος</em></strong></span> <span class='ocrx_word' id='word_1_127' title='bbox 278 3313 392 3374; x_wconf 77' lang='grc' dir='ltr'><strong><em>αἴτιαι·</em></strong></span> <span class='ocrx_word' id='word_1_128' title='bbox 430 3308 493 3373; x_wconf 82' lang='grc' dir='ltr'><strong><em>ἀπὸ</em></strong></span> <span class='ocrx_word' id='word_1_129' title='bbox 516 3316 578 3373; x_wconf 86' lang='grc' dir='ltr'><strong><em>τοῦ</em></strong></span> 
     </span>
     <span class='ocr_line' id='line_1_29' title="bbox 97 3414 577 3500; baseline -0.002 -20"><span class='ocrx_word' id='word_1_130' title='bbox 97 3427 206 3499; x_wconf 81' lang='grc' dir='ltr'><strong><em>στυγῶ</em></strong></span> <span class='ocrx_word' id='word_1_131' title='bbox 226 3417 264 3481; x_wconf 90' lang='grc' dir='ltr'><strong><em>τὸ</em></strong></span> <span class='ocrx_word' id='word_1_132' title='bbox 284 3427 370 3500; x_wconf 79' lang='grc' dir='ltr'><strong><em>μισῶ</em></strong></span> <span class='ocrx_word' id='word_1_133' title='bbox 386 3414 423 3480; x_wconf 83' lang='lat' dir='ltr'><strong><em>G.</em></strong></span> <span class='ocrx_word' id='word_1_134' title='bbox 446 3453 482 3462; x_wconf 91' lang='lat'><em>-</em></span> <span class='ocrx_word' id='word_1_135' title='bbox 507 3417 577 3480; x_wconf 86' lang='grc' dir='ltr'><strong><em>δαΐ-</em></strong></span> 
     </span>
    </p>
   </div>
   <div class='ocr_carea' id='block_1_9' title="bbox 637 1173 1030 1259">
    <p class='ocr_par' dir='ltr' id='par_1_11' title="bbox 637 1173 1030 1259">
     <span class='ocr_line' id='line_1_30' title="bbox 637 1173 1030 1259; baseline 0.005 -22"><span class='ocrx_word' id='word_1_136' title='bbox 637 1173 703 1240; x_wconf 85' lang='grc'><strong><em>284</em></strong></span> <span class='ocrx_word' id='word_1_137' title='bbox 727 1174 973 1259; x_wconf 81' lang='grc' dir='ltr'><strong><em>δυσθρήνητον.</em></strong></span> <span class='ocrx_word' id='word_1_138' title='bbox 992 1211 1030 1221; x_wconf 92' lang='lat'>-</span> 
     </span>
    </p>
   </div>
   <div class='ocr_carea' id='block_1_10' title="bbox 636 1493 1059 1580">
    <p class='ocr_par' dir='ltr' id='par_1_12' title="bbox 636 1493 1059 1580">
     <span class='ocr_line' id='line_1_31' title="bbox 636 1493 1059 1580; baseline 0.002 -22"><span class='ocrx_word' id='word_1_139' title='bbox 636 1493 703 1560; x_wconf 81' lang='grc'><strong><em>285</em></strong></span> <span class='ocrx_word' id='word_1_140' title='bbox 726 1493 1004 1580; x_wconf 80' lang='grc' dir='ltr'><strong><em>διακεκομμένοις.</em></strong></span> <span class='ocrx_word' id='word_1_141' title='bbox 1023 1533 1059 1540; x_wconf 92' lang='grc'>-</span> 
     </span>
    </p>
   </div>
   <div class='ocr_carea' id='block_1_11' title="bbox 632 3093 1142 3494">
    <p class='ocr_par' dir='ltr' id='par_1_13' title="bbox 632 3093 1142 3494">
     <span class='ocr_line' id='line_1_32' title="bbox 632 3093 1113 3178; baseline -0.004 -18"><span class='ocrx_word' id='word_1_142' title='bbox 632 3095 696 3160; x_wconf 84' lang='grc'><strong><em>289</em></strong></span> <span class='ocrx_word' id='word_1_143' title='bbox 721 3093 800 3177; x_wconf 83' lang='grc' dir='ltr'><strong><em>ήμῖν</em></strong></span> <span class='ocrx_word' id='word_1_144' title='bbox 820 3104 890 3170; x_wconf 79' lang='grc' dir='ltr'><strong><em>τοῖς</em></strong></span> <span class='ocrx_word' id='word_1_145' title='bbox 910 3095 1017 3178; x_wconf 81' lang='grc' dir='ltr'><strong><em>δηΐοις</em></strong></span> <span class='ocrx_word' id='word_1_146' title='bbox 1036 3113 1113 3158; x_wconf 85' lang='grc' dir='ltr'><strong><em>στυ-</em></strong></span> 
     </span>
     <span class='ocr_line' id='line_1_33' title="bbox 632 3201 1113 3285; baseline -0.002 -19"><span class='ocrx_word' id='word_1_147' title='bbox 632 3203 790 3283; x_wconf 78' lang='grc' dir='ltr'><strong><em>γνότητος</em></strong></span> <span class='ocrx_word' id='word_1_148' title='bbox 823 3205 924 3264; x_wconf 79' lang='grc' dir='ltr'><strong><em>αἴτιαι</em></strong></span> <span class='ocrx_word' id='word_1_149' title='bbox 959 3201 1113 3285; x_wconf 82' lang='grc' dir='ltr'><strong><em>πάρεισιν</em></strong></span> 
     </span>
     <span class='ocr_line' id='line_1_34' title="bbox 632 3299 1113 3392; baseline 0 -20"><span class='ocrx_word' id='word_1_150' title='bbox 632 3309 679 3384; x_wconf 80' lang='grc' dir='ltr'><strong><em>εἰς</em></strong></span> <span class='ocrx_word' id='word_1_151' title='bbox 702 3309 836 3392; x_wconf 80' lang='grc' dir='ltr'><strong><em>μνήμην</em></strong></span> <span class='ocrx_word' id='word_1_152' title='bbox 860 3307 897 3370; x_wconf 80' lang='grc' dir='ltr'><strong><em>αἱ</em></strong></span> <span class='ocrx_word' id='word_1_153' title='bbox 918 3299 1070 3390; x_wconf 78' lang='grc' dir='ltr'><strong><em>Ἀθῆναι,</em></strong></span> <span class='ocrx_word' id='word_1_154' title='bbox 1095 3308 1113 3372; x_wconf 83' lang='grc' dir='ltr'>ὅ</span> 
     </span>
     <span class='ocr_line' id='line_1_35' title="bbox 634 3410 1142 3494; baseline -0.01 -15"><span class='ocrx_word' id='word_1_155' title='bbox 634 3413 704 3480; x_wconf 83' lang='grc' dir='ltr'><strong><em>ἐστι</em></strong></span> <span class='ocrx_word' id='word_1_156' title='bbox 716 3424 785 3478; x_wconf 72' lang='grc' dir='ltr'><strong><em>τῶν</em></strong></span> <span class='ocrx_word' id='word_1_157' title='bbox 799 3410 963 3494; x_wconf 66' lang='grc' dir='ltr'><strong><em>Ἀλληυῖου</em></strong></span> <span class='ocrx_word' id='word_1_158' title='bbox 978 3411 1142 3489; x_wconf 48' lang='lat' dir='ltr'><strong><em>ww</em></strong></span> 
     </span>
    </p>
   </div>
   <div class='ocr_carea' id='block_1_12' title="bbox 93 3516 1137 3612">
    <p class='ocr_par' dir='ltr' id='par_1_14' title="bbox 93 3516 1137 3612">
     <span class='ocr_line' id='line_1_36' title="bbox 93 3516 1137 3612; baseline -0.034 -13"><span class='ocrx_word' id='word_1_159' title='bbox 93 3526 158 3602; x_wconf 62' lang='grc' dir='ltr'><strong><em>θίν’]</em></strong></span> <span class='ocrx_word' id='word_1_160' title='bbox 183 3522 264 3606; x_wconf 74' lang='grc' dir='ltr'><strong><em>ἡμῖν</em></strong></span> <span class='ocrx_word' id='word_1_161' title='bbox 288 3535 359 3601; x_wconf 83' lang='grc' dir='ltr'><strong><em>τοῖς</em></strong></span> <span class='ocrx_word' id='word_1_162' title='bbox 381 3529 583 3612; x_wconf 80' lang='grc' dir='ltr'><strong><em>πολεμικοῖς</em></strong></span> <span class='ocrx_word' id='word_1_163' title='bbox 642 3523 823 3610; x_wconf 68' lang='grc' dir='ltr'><strong><em>στυηνοδις</em></strong></span> <span class='ocrx_word' id='word_1_164' title='bbox 846 3519 941 3602; x_wconf 61' lang='grc' dir='ltr'><strong><em>ημᾶς</em></strong></span> <span class='ocrx_word' id='word_1_165' title='bbox 961 3516 1076 3575; x_wconf 57' lang='grc' dir='ltr'><strong><em>ποιεῖ.</em></strong></span> <span class='ocrx_word' id='word_1_166' title='bbox 1093 3530 1137 3545; x_wconf 50' lang='grc' dir='ltr'><strong><em>ν</em></strong></span> 
     </span>
    </p>
   </div>
   <div class='ocr_carea' id='block_1_13' title="bbox 131 3633 742 3690">
    <p class='ocr_par' dir='ltr' id='par_1_15' title="bbox 131 3633 742 3690">
     <span class='ocr_line' id='line_1_37' title="bbox 131 3633 742 3690; baseline 0.016 -17"><span class='ocrx_word' id='word_1_167' title='bbox 131 3633 219 3677; x_wconf 67' lang='lat' dir='ltr'><strong>Senon.</strong></span> <span class='ocrx_word' id='word_1_168' title='bbox 235 3647 263 3678; x_wconf 76' lang='lat' dir='ltr'><strong>m</strong></span> <span class='ocrx_word' id='word_1_169' title='bbox 277 3637 372 3683; x_wconf 66' lang='lat' dir='ltr'><strong>Asson.</strong></span> <span class='ocrx_word' id='word_1_170' title='bbox 389 3644 464 3687; x_wconf 74' lang='lat' dir='ltr'><strong>Pnns.</strong></span> <span class='ocrx_word' id='word_1_171' title='bbox 480 3645 519 3688; x_wconf 78' lang='lat' dir='ltr'><strong><em>ed.</em></strong></span> <span class='ocrx_word' id='word_1_172' title='bbox 535 3642 742 3690; x_wconf 55' lang='lat' dir='ltr'><strong><em>Duhnhmz.</em></strong></span> 
     </span>
    </p>
   </div>
   <div class='ocr_carea' id='block_1_14' title="bbox 999 3613 1022 3659">
    <p class='ocr_par' dir='ltr' id='par_1_16' title="bbox 999 3613 1022 3659">
     <span class='ocr_line' id='line_1_38' title="bbox 999 3613 1022 3659; baseline 0 0"><span class='ocrx_word' id='word_1_173' title='bbox 999 3613 1022 3659; x_wconf 67' lang='lat' dir='ltr'><strong><em>‘k</em></strong></span> 
     </span>
    </p>
   </div>
   <div class='ocr_carea' id='block_1_15' title="bbox 0 0 1220 3856">
    <p class='ocr_par' dir='ltr' id='par_1_17' title="bbox 0 0 1220 3856">
     <span class='ocr_line' id='line_1_39' title="bbox 0 0 1220 3856; baseline 0 2"><span class='ocrx_word' id='word_1_174' title='bbox 0 0 1220 3856; x_wconf 95' lang='lat' dir='ltr'><strong><em> </em></strong></span> 
     </span>
    </p>
   </div>
  </div>
 </body>
</html>
