2430 3856
469 203 508 252 IN
527 202 558 255 V.
579 205 728 255 313-319.
1039 199 1103 265 107

81 401 120 410 ——
148 361 225 448 περὶ
249 361 290 428 V.
315 400 357 408 -
385 362 447 446 τὴν
474 384 565 447 κερι-
619 367 797 449 Σαλαμῖνα
829 366 918 448 καρὰ
946 367 984 431 τὸ
1007 361 1103 450 Ὁμή-

77 471 200 553 στερὰς
230 467 423 554 τρέφουσαν
454 473 564 534 Σαλα·
619 494 682 553 ρον
706 471 964 556 (πολυτρήρωνά
986 497 1021 538 τε
1046 476 1103 538 Θί·

78 588 162 660 μῑνα
199 577 240 640 V.
298 577 360 660 τὴν
397 577 455 653 τὰς
492 575 565 663 (τὰς
619 576 721 660 σβην’
745 576 787 665 (Β
811 575 901 666 502).
925 616 969 626 -

76 683 149 747 fere
188 681 335 770 evanuit)
371 685 586 768 περιστερὰς.

77 788 273 875 τρέφουσαν
353 788 564 874 (θρέψουσαν

79 893 168 984 eod.)
192 895 234 960 H.
266 897 328 980 τὴν
352 893 418 983 (γρ
429 894 471 983 L)
497 901 565 961 Σα-

78 1008 204 1087 λαμῖνα
235 1004 297 1087 τὴν
317 1000 451 1091 (τάςζΒ)
474 1026 565 1087 περι-

79 1111 199 1194 στερὰς
245 1113 388 1195 ἔχουσαν
437 1116 564 1195 μᾶλλον

79 1228 149 1282 τῶν
172 1218 284 1282 ἄλλων
308 1217 412 1282 BGL.
434 1255 472 1265 -
498 1219 564 1283 313
620 1217 873 1301 313κόρισσονι
894 1217 1101 1304 συνέκρουον

77 1324 279 1408 κυκώμενοι]
325 1327 563 1408 ταραττόμενοι
618 1324 773 1409 ἀλλήλοις
798 1323 925 1412 (ἄλλοις
949 1348 995 1407 m,
1019 1348 1101 1392 corr.

78 1430 119 1494 V.
139 1467 183 1476 -
202 1431 395 1515 νικώμενοι]
420 1433 563 1515 σφαττό-
618 1429 776 1520 Kirchh.).
824 1431 888 1498 νἰτιὸ
912 1441 1101 1518 μεταφορᾶς

77 1561 175 1620 μενοι
204 1537 246 1602 Η.
282 1573 318 1583 -
355 1536 563 1624 συνέκρουον
617 1549 684 1603 τῶν
728 1537 859 1622 ἀλόγων
901 1537 994 1628 ζῴων
1033 1550 1101 1604 τῶν

75 1644 237 1728 ἀλλήλοις
264 1644 304 1710 V.
356 1643 564 1729 συνέκρουον
618 1643 1094 1730 τυκτόντωντοῖςκέρασιν.-

78 1751 121 1816 Η.
168 1750 398 1835 προσέκρουον
436 1751 473 1816 G.
523 1789 562 1798 -

77 1859 205 1941 χθόνα]
230 1859 313 1924 κατὰ
336 1858 376 1924 V.
406 1858 488 1922 κατὰ
512 1858 564 1941 ξη-

78 1965 144 2046 ρόιν
171 1973 237 2048 γῆν
263 1965 305 2030 Η.
331 2002 370 2012 -
405 1965 470 2030 314
502 1986 563 2047 κη-

77 2073 168 2154 γαϊς]
187 2083 258 2149 ταῖς
272 2072 343 2138 VG.
362 2109 399 2118 —
421 2075 563 2152 Νείλου]

77 2187 141 2243 τοῦ
171 2178 211 2245 V.
243 2218 287 2228 -
319 2181 494 2263 γειτόνων]
528 2177 564 2243 έκ

78 2295 158 2368 τῶν,
181 2309 277 2371 super
297 2286 380 2371 quod
401 2282 477 2367 περὶ
496 2296 563 2350 τῶν

75 2390 230 2477 Ἀράβων
253 2393 293 2458 V.
341 2392 563 2476 γειτονῶν]ό

77 2503 271 2584 πλησίαζων
303 2500 349 2580 Η,
395 2500 413 2564 ὁ
449 2499 487 2564 G.
521 2537 562 2546 -

77 2608 146 2674 315
168 2602 332 2692 Ἀρκτεὺς]
356 2604 411 2671 καὶ
435 2605 561 2671 6V.—
617 2607 682 2672 315
713 2614 816 2671 ταῦτα
848 2604 910 2670 οὐκ
942 2608 1008 2691 ἔχει
1040 2609 1099 2674 τὸν

79 2737 177 2799 super
207 2712 312 2800 Ἀρκτ.
346 2719 379 2779 et
412 2707 562 2796 Ἀδεύης]
617 2713 803 2796 Αἰγύπτιον
897 2723 1098 2800 χαρακτῆρα,

78 2822 115 2886 οί
143 2823 237 2898 ὄντες
270 2823 426 2905 δηλονότι
449 2820 489 2884 V.
519 2859 561 2866 —
617 2819 700 2885 ἀλλὰ
719 2831 896 2905 ποιητικῶς
920 2820 1099 2888 διακέκλα-

79 2929 148 2995 316
186 2929 271 3011 οἵδε]
315 2923 409 2993 οὗτοι
443 2926 479 2992 G.
529 2927 565 2992 οἵ
616 2944 700 2993 σται.
728 2967 765 2974 -

77 3030 130 3117 γ’]
165 3035 302 3118 οἵτινες,
341 3029 434 3100 οὗτοι
458 3033 497 3098 V.
519 3072 560 3082 —

77 3141 245 3227 έ<ιιεσον>
259 3141 300 3206 V.
329 3144 448 3207 έιιεσον
462 3141 504 3206 Η.
522 3179 559 3189 -

78 3250 144 3314 317
177 3252 432 3334 μυριόνταρχος]
466 3246 562 3314 καὶὸ

77 3355 118 3420 V.
142 3393 187 3403 —
219 3358 284 3422 318
315 3357 422 3440 ἤγουν
449 3357 561 3441 ἄρχων

77 3475 292 3548 στρατιωτῶν
315 3463 355 3530 V.
387 3500 425 3510 -
457 3463 563 3549 χιλιό-

68 3565 194 3632 όωνλ’
212 3568 245 3635 V.
269 3607 307 3617 -
335 3571 403 3638 319
424 3571 567 3662 ξανθὴν
628 3573 699 3644 313
742 3565 845 3646 τινὲς
891 3560 975 3631 &va
1020 3553 1180 3632 Vwffiss
