2430 3856
94 172 173 221 LXII
332 230 335 235 ,
413 170 623 223 ADNOTATIO
644 170 797 224 ORITICA.

96 335 157 384 794.
176 334 236 384 869.
257 333 317 382 900.
355 327 542 382 Miserrimum
557 326 776 395 explicationem
791 327 910 383 inseruit
924 327 973 382 alt.
989 327 1046 382 sch.
1059 335 1110 383 747

94 397 121 468 (ἢ
141 399 178 460 ὡς
196 397 239 453 ὅτι
257 403 339 453 θεῖαι
357 398 491 468 δυνάμεις
510 395 689 467 ἐπεκάθηντο
714 396 905 467 φυλάττουσαι
923 400 988 461 τούς
1006 397 1111 462 τόπους

94 469 143 533 olle
161 472 279 538 διῆλθεν
298 470 315 539 ἡ
333 468 401 544 Ἰώ),
428 479 477 525 667
508 468 535 540 (ἢ
564 468 719 538 ανετττέρου
747 469 797 524 καὶ
819 470 975 540 ταχύτατον
999 466 1110 540 ἐποίει),

95 547 144 596 781
166 539 192 612 (ἢ
212 548 314 610 πεῖραν
333 540 384 609 τὴν
404 540 530 666 ditifica),
549 548 607 596 soh.
624 549 682 595 434.
704 542 762 596 sch.
779 547 828 596 197
844 540 892 608 (ad
909 542 963 595 hoc
978 541 1110 595 adhibuit

92 614 131 682 gl.
151 615 234 681 quala
253 615 330 668 extet
347 611 377 665 in
396 611 448 666 BG
481 637 487 667 ε
508 616 664 675 δεικτικῶς·
687 608 717 667 ίν
736 612 837 682 ταύτῃ,
856 619 890 682 τῇ
908 613 988 686 δεξιᾷ
1000 612 1108 738 χδεικτ.
1147 618 1149 623 ’

94 701 148 738 om.
164 683 200 753 B,
225 681 255 740 ἐν
275 701 329 738 om.
345 683 402 754 G]l.
438 683 503 737 Vile
527 683 752 737 additamentum
777 691 821 737 est
840 683 897 738 sch.
916 691 966 739 761
1015 701 1058 737 στι
1076 682 1108 740 δὲ

95 754 110 808 δ
129 753 210 825 λόγος
229 753 260 811 ἐν
280 753 418 830 εἰρωνείᾳ,
438 754 494 810 sch.
510 761 562 808 438
578 750 854 809 inconsummati
869 755 900 808 τδ
916 756 1044 823 δίμοιρον
1058 764 1109 809 τοῦ

93 835 191 894 κακοῦ,
212 827 276 880 vilis
295 825 494 915 interpretatio
515 826 640 881 sch'ctO
660 827 791 896 δοκίμως]
806 824 891 891 ὀξέως
909 826 958 879 καί
976 825 1109 896 μεγάλως,

95 899 228 1022 sdhhwol
240 895 348 966 Ξέρξης
367 898 549 966 ερμηνεύεται
568 898 833 966 στρατηγικώτατος·
856 896 901 951 διὸ
920 896 969 950 καὶ
987 896 1109 966 θούριον

93 989 110 1021 ο
131 989 146 1022 τ
164 989 180 1022 ν
200 988 287 1023 επεν.

165 1041 291 1108 Speciem
312 1039 468 1106 doctrinae,
493 1056 577 1107 quam
597 1039 769 1092 simulabant
791 1039 839 1093 isti
859 1039 1046 1107 grammatici,
1065 1039 1108 1093 in-

94 1110 173 1164 venis
198 1114 255 1166 sch.
271 1116 332 1176 967,
360 1111 410 1164 ubi
433 1111 576 1165 Homerici
598 1111 655 1165 loci
678 1112 813 1175 citantur,
842 1119 871 1164 et
895 1111 951 1166 sch.
967 1116 1031 1178 240,
1059 1110 1109 1165 ubi

93 1179 157 1236 ἔνια
181 1190 236 1235 τῶν
260 1181 443 1251 ἀντιγράφων
466 1181 626 1236 afferuntur.
667 1180 710 1234 De
734 1181 820 1235 variis
848 1180 1017 1236 lectionibus
1043 1187 1110 1235 sunt

91 1255 151 1307 sch.
171 1261 212 1308 69.
233 1259 293 1309 976.
313 1260 373 1308 984.
395 1261 455 1308 931.
1159 1301 1161 1304 ,

162 1325 245 1378 Aliae
270 1325 503 1393 interpolationes
527 1325 568 1378 ita
591 1325 770 1392 comparatae
794 1325 873 1390 sunt,
899 1323 974 1378 ntis
993 1322 1108 1392 quieas

90 1395 205 1466 scripsit
230 1397 279 1449 aut
301 1397 364 1464 ipso
387 1395 460 1449 libro
480 1396 508 1448 M
528 1397 579 1448 aut
597 1395 711 1449 scholiis
730 1394 758 1446 M
777 1394 807 1448 in
826 1393 921 1463 aliquo
944 1394 1041 1449 codice
1061 1411 1106 1448 ex-

37 1472 40 1477 ’
91 1468 181 1520 aratis
200 1485 267 1520 usus
286 1483 347 1520 esse
366 1467 477 1522 debeat.
594 1465 598 1472 '

161 1538 235 1592 Nam
254 1540 311 1592 sch.
330 1548 340 1591 l
362 1540 392 1591 in
410 1541 463 1591 fine
483 1537 583 1592 eadem
602 1537 720 1605 praebet
738 1538 760 1590 P
780 1553 853 1605 quae
872 1538 913 1604 M,
937 1553 1000 1591 cum
1019 1538 1106 1606 vulgo

91 1611 121 1663 et
138 1608 169 1663 in
179 1608 259 1664 OVH
270 1625 338 1664 vera
351 1610 482 1678 legantur
495 1609 582 1662 verba
593 1607 749 1677 Byzantini,
764 1611 811 1677 qni
822 1607 969 1678 archetypi
979 1607 1107 1662 scholion

90 1697 105 1734 e
126 1679 327 1735 consuetudine
347 1697 398 1734 sua
416 1680 596 1748 permutavit.

160 1753 231 1806 'lum
255 1751 363 1807 scholio
384 1757 436 1807 694
459 1752 593 1806 discimus
615 1749 834 1820 grammaticum
856 1751 968 1806 novisse
986 1749 1105 1804 Medicei

88 1823 241 1880 lectionem
260 1828 372 1894 τάχυνε,
392 1841 454 1877 cum
472 1824 594 1893 genuino
615 1822 721 1877 scholio
742 1818 864 1892 ἐτύχυνα
884 1823 1046 1890 explicetur.

162 1897 219 1950 sch.
235 1902 286 1950 937
306 1895 506 1964 grammaticus
520 1894 576 1948 iste
591 1910 606 1947 e
621 1894 708 1949 schol.
723 1894 753 1946 M
768 1895 888 1962 sumpsit
904 1893 1104 1962 προσφώνησίν

90 1980 135 2021 σοι
157 1965 246 2036 ἤγουν
271 1964 435 2035 χαιρέτισμα
458 1963 569 2034 πέμψω.
612 1965 667 2018 Sed
694 1964 877 2033 Byzantinus,
906 1965 956 2031 qui
982 1979 1106 2032 genuina

70 2056 74 2066 ·
90 2037 198 2090 scholia
218 2038 384 2104 composuit,
403 2038 557 2090 recentiore
572 2034 645 2089 libro
660 2052 727 2088 usus
743 2039 778 2104 (v.
793 2055 820 2105 p.
836 2034 937 2105 XXXI)
956 2035 1105 2088 lectionem

87 2107 143 2176 πρὸ
163 2105 294 2176 φθόγγου
313 2106 437 2175 expedit.

160 2177 217 2231 sch.
237 2182 288 2230 541
309 2177 331 2229 P
355 2177 454 2232 habet:
478 2177 695 2247 κατασχίζουσαι
714 2171 910 2247 ίνεργητικῶς·
936 2172 1030 2246 ίρείκη
1049 2176 1103 2248 γάρ

88 2244 163 2304 ἐστιν
183 2246 258 2310 εἶδος
276 2256 367 2316 φυτοῦ
387 2248 540 2317 εύσχίστου,
560 2248 595 2300 ci.
615 2250 670 2303 sch.
692 2249 727 2303 M.
760 2249 860 2302 Posset
878 2255 975 2302 tamen
992 2250 1105 2318 abipso

88 2319 245 2388 Byzantino
263 2319 317 2374 hoc
337 2320 472 2388 scriptum
491 2318 619 2385 iudicari,
637 2319 692 2374 nisi
705 2320 860 2388 accederet,
875 2320 951 2387 quod
965 2321 1022 2375 sch.
1035 2327 1103 2373 1061

88 2394 120 2446 τὸ
139 2389 171 2446 δὲ
191 2386 289 2459 ἐρείκοι
307 2390 339 2445 τὸ
359 2393 440 2460 σχίζα
455 2398 597 2458 παρῆκται
611 2391 669 2445 ἀπὸ
683 2399 733 2445 τού
748 2385 842 2460 ἐρείκη
858 2389 926 2460 ὅπερ
942 2386 999 2445 ἐστὶ
1013 2392 1104 2460 φυτὸν

87 2461 234 2532 εύσχιστον
258 2465 325 2516 item
351 2463 378 2516 in
400 2480 457 2516 uno
476 2463 537 2517 cod.
552 2462 574 2515 P
592 2462 743 2517 invenitur.
780 2461 860 2516 Unde
880 2462 984 2531 duplex
1002 2463 1038 2516 ab
1057 2478 1104 2516 eo-

88 2535 151 2588 dem
167 2534 370 2603 interpolatore
384 2533 462 2588 facta
475 2532 660 2601 interpolatio
676 2533 804 2587 efficitur.

156 2605 284 2673 Denique
304 2606 361 2658 sch.
382 2611 451 2659 1055
476 2605 508 2659 τὸ
532 2605 647 2660 Μύσιον
670 2604 752 2675 με’λος
774 2602 949 2659 continued
967 2607 1102 2672 θρηνητι-

86 2675 150 2732 κόν·
184 2674 213 2730 οἱ
238 2676 291 2744 γὰρ
318 2676 415 2730 Μυσοί
438 2675 488 2729 καί
511 2673 541 2729 ol
563 2676 668 2746 Φρύγες
689 2675 808 2745 μάλιστα
826 2675 881 2730 είσι
898 2676 1102 2742 θρηνητικοὶο

86 2751 144 2802 sch.
162 2748 192 2800 M
216 2745 246 2801 oi
261 2747 315 2816 γὰρ
338 2747 434 2801 Μυσοὶ
458 2745 507 2800 καὶ
530 2744 560 2800 oi
581 2748 688 2817 Φρύγες
716 2746 769 2800 είσὶ
792 2745 912 2816 μάλιστα
933 2745 1102 2813 θρηνητικοὶ

85 2818 224 2886 originem
243 2819 361 2886 accepit.

157 2887 292 2942 Venimus
320 2904 394 2941 nunc
423 2887 458 2940 ad
478 2889 539 2942 cod.
560 2887 597 2954 O,
620 2887 651 2940 in
674 2903 729 2955 quo
753 2885 844 2940 multo
863 2884 997 2953 pauciora
1015 2882 1100 2938 inter-

86 2961 184 3029 polata
194 2963 269 3013 sunt.
295 2959 368 3013 Nam
377 2962 489 3028 praeter
503 2976 544 3026 ea,
559 2975 632 3026 quae
646 2975 710 3012 cum
724 2957 817 3013 cod.P
832 2957 991 3010 communia
1005 2954 1101 3024 habet,

84 3033 168 3089 haec:
197 3027 304 3085 scholio
323 3035 374 3084 411
394 3031 541 3100 praecedit
562 3029 758 3098 interpretatio
791 3044 863 3096 quae
887 3044 976 3096 esqq.
999 3026 1103 3082 hausta

86 3106 140 3169 est,
160 3099 267 3156 scholio
283 3107 335 3156 776
354 3101 452 3156 addita
470 3105 514 3155 est
532 3116 604 3169 quae
619 3117 653 3154 ex
667 3098 815 3156 antecedd.
830 3099 1005 3170 deprompta.
1034 3100 1102 3153 Per-

84 3190 166 3229 verse
189 3173 246 3229 sch.
266 3178 318 3227 206
342 3174 376 3229 de
401 3171 498 3242 aquila
525 3172 625 3242 templi
649 3170 789 3242 Apollinis
816 3171 928 3228 dicitur.
966 3171 1028 3226 Sch.
1049 3178 1100 3227 885

87 3247 133 3311 (de
150 3246 241 3300 Lesbo
260 3243 363 3314 insula)
383 3246 415 3299 cl'.
432 3262 495 3298 cum
510 3243 589 3298 Eust.
600 3259 699 3298 comm.
714 3243 745 3297 in
758 3242 873 3312 Dionys.
883 3243 992 3311 Perieg.
1003 3261 1027 3298 v.
1039 3249 1101 3298 636.

84 3316 148 3372 Sch.
168 3321 220 3372 978
244 3315 348 3371 diserte
372 3315 480 3370 dictum
503 3318 560 3383 est,
583 3317 658 3370 unde
681 3314 878 3385 interpolatio,
902 3331 939 3370 sc.
959 3331 993 3368 ex
1012 3313 1099 3368 schol.

84 3389 120 3442 Sc
141 3393 160 3442 t.
176 3394 228 3444 866
243 3389 295 3444 Dd.

121 3407 187 3514 pln
207 3457 229 3516 0
249 3464 278 3514 et
296 3458 318 3513 P
337 3458 405 3514 etV
423 3458 610 3529 interpolatus
630 3460 674 3513 est
692 3454 755 3512 finis
775 3456 863 3516 schol.
878 3461 939 3525 924,
959 3455 1008 3511 ubi
1022 3458 1101 3510 ante·

83 3528 165 3586 cedd.
179 3529 267 3585 verba
284 3530 343 3586 fere
361 3531 536 3601 repetuntur.
