2430 3856
132 169 196 234 190
562 175 720 226 scflomA

128 336 235 418 μόνον
255 330 292 398 δὲ
312 333 457 400 ἐκαλεῖτο
473 344 583 421 τοῦτο,
603 335 754 402 ἀλλὰκαὶ
772 341 970 423 θεομήστωρ
990 338 1146 426 ὑπῆρχεν,

128 438 198 506 ἐπεὶ
228 435 266 506 εὖ
293 439 349 508 καὶ
376 447 483 520 καλῶς
511 441 671 508 ἐποδύκει
699 441 754 508 καὶ
783 451 881 510 ἰθυνε
909 443 965 510 καὶ
997 446 1062 512 ὑπὸ
1090 450 1147 513 τὸν

101 547 249 614 τὲαυτοῦ
272 550 358 615 πόδα
381 549 508 635 ἡνιόχει
531 553 590 617 τὸν
615 553 766 637 στρατόν.

200 715 214 758 3
234 727 264 761 τε
283 708 368 776 vulgo
387 740 423 749 -
442 715 459 762 4
478 703 576 777 ἐπειδὴ
595 708 645 763 καὶ
661 707 748 778 vulgo
769 742 801 750 —
821 709 870 763 καί
889 713 980 772 καλῶς
999 727 1054 767 om.
1070 713 1094 763 V
1113 743 1144 752 -

127 773 262 833 ἔπεδίοκει
279 779 312 838 V,
337 775 467 834 ἐπεδύκει
481 779 508 832 Η
528 812 559 820 -
579 780 629 834 καλ
648 782 732 834 ίθυνε
752 799 805 836 om.
822 781 954 850 OP(Dd.)
970 813 1001 822 -
1023 790 1039 837 5
1059 784 1145 838 αὑτοῦ

126 850 160 917 V,
184 850 270 904 αὐτὸν
290 849 316 903 Η
336 883 368 891 -
387 854 453 920 post
475 850 585 921 ἡνιόχει
602 851 655 906 Ι)δ.
676 868 709 905 ex
728 852 749 904 P
775 852 852 907 add:
880 850 897 922 ἢ
923 850 1079 924 άνεπτὲρου
1098 854 1144 908 καὶ

126 921 282 989 ταχύτατον
302 917 392 976 ἐποίει

193 1102 259 1168 660
269 1125 339 1187 sqq.
376 1104 503 1187 βαλλὴν
534 1106 745 1189 βαρβαρικῶς
775 1103 792 1168 ὁ
821 1106 977 1185 βασιλεὺς
1007 1105 1141 1190 λέγεται.

125 1209 309 1294 Εὐφορίων
352 1210 391 1275 δέ
426 1227 509 1294 φησι
547 1215 702 1296 Θουρίων
740 1206 826 1275 εἷναι
862 1213 924 1295 τὴν
962 1213 1141 1278 διάλεκτον.

125 1315 229 1400 φησὶν
254 1311 329 1382 οὖν·
354 1312 379 1382 ὦ
404 1318 518 1402 άρχαίε
538 1321 687 1402 βασιλεῦ,
712 1319 787 1383 ίκοῦ
805 1315 861 1382 καὶ
879 1330 1071 1402 παραχενοῦ
1089 1317 1141 1384 καὶ

125 1420 204 1488 ε’λθὲ
227 1420 278 1489 ἐπ’
304 1426 408 1508 άκρον
431 1428 603 1509 κόρυμβον
622 1427 740 1509 ὄχθου,
764 1427 871 1508 ἤγουν
891 1425 944 1490 ἐπὶ
961 1428 1024 1510 τὴν
1038 1428 1142 1510 άκραν

98 1529 243 1617 τέξοχὴν
266 1529 322 1596 καὶ
344 1533 515 1617 περιωπὴν
538 1540 599 1597 τοῦ
622 1533 743 1616 τάφου,
773 1532 895 1616 ἀείρων
917 1530 972 1598 καὶ
996 1532 1141 1615 ἐπαίρων

123 1636 179 1704 καὶ
210 1651 314 1705 κινῶν
346 1641 408 1722 τὴν
441 1639 581 1724 εὔμαριν
613 1637 668 1704 καὶ
700 1640 738 1705 τὸ
767 1640 925 1725 ὑπόδημα
951 1649 1013 1705 τοῦ
1040 1642 1141 1717 ποδὸς

123 1749 354 1831 κροκόβαπτον
383 1743 438 1811 καὶ
469 1745 618 1831 ἐρυθρὸν
648 1744 704 1811 καὶ
733 1749 908 1830 βασιλικόν
938 1784 976 1793 -
1008 1750 1079 1812 ἔστι
1106 1744 1141 1813 δὲ

122 1862 221 1919 τοῦτο
236 1855 435 1939 περίφρασις
452 1890 503 1936 -,
518 1854 718 1937 πιφαύσκων
732 1851 788 1917 καὶ
807 1854 971 1918 δεικνύων
990 1851 1045 1918 καὶ
1065 1854 1142 1919 άνα-

123 1964 255 2042 φαίνων
274 1963 311 2026 τὸ
331 1961 484 2047 φάλαρον
498 1958 553 2024 καλ
572 1961 632 2024 τὸν
647 1963 754 2043 λόφον
769 1970 826 2044 τῆς
842 1963 1014 2044 βασιλικῆς
1028 1962 1142 2045 τιάρας

83 2089 108 2129 10
123 2065 178 2132 καὶ
209 2070 474 2151 περικεφαλαίας.
528 2078 796 2151 περιφραστικῶς
829 2065 867 2131 δὲ
897 2068 934 2131 τὸ
968 2069 1141 2151 βασιλικὸν

123 2171 247 2258 στέμμα
271 2178 384 2257 φησίν.

194 2303 208 2350 1
230 2294 318 2368 βαλὴν
338 2294 513 2365 vulgoDd.H
528 2327 561 2335 -
582 2296 760 2367 βαρβαρικῶς
779 2294 877 2349 addidi
895 2313 930 2350 ex
944 2297 970 2351 V
983 2329 1017 2337 -
1035 2307 1050 2351 2
1070 2298 1142 2352 θού-

121 2443 183 2491 ριον
195 2423 227 2491 V,
245 2385 407 2491 θουρίούσΗ
422 2451 455 2462 -
474 2422 540 2489 post
558 2419 718 2475 διάλεκτονι
738 2419 810 2475 δθεν
829 2420 877 2474 καί
897 2422 1051 2493 βαληναῐον
1066 2421 1139 2492 ὄρος,

121 2496 136 2550 ὅ
155 2491 214 2550 ἐστι
233 2492 377 2567 βασιλικόν
400 2493 487 2616 vulqo
518 2524 548 2531 -
578 2499 594 2546 3
614 2493 702 2561 φησὶν
725 2489 756 2546 εύ
776 2493 893 2562 ἀρχαῖος
912 2492 962 2546 καλ
999 2496 1094 2548 ασιλεύ
1114 2492 1139 2547 V

122 2599 154 2608 -
174 2564 246 2636 ἧκον
257 2566 290 2634 H,
310 2566 406 2620 VuovV
421 2581 459 2618 vu
472 2580 508 2632 go
524 2596 557 2605 -
572 2571 589 2616 4
609 2562 700 2634 ὄχθου
719 2580 772 2618 om.
783 2563 846 2624 Dd„
866 2561 956 2632 ὄχθον
1001 2595 1035 2604 -
1049 2562 1139 2635 ἤγουν

121 2655 175 2693 om.
189 2639 275 2705 vulgo
286 2638 311 2690 Η
327 2669 358 2677 -
380 2643 395 2690 ’1
416 2634 557 2705 λροθροῦν
575 2635 695 2704 vulgov
712 2667 744 2676 -
759 2635 809 2688 καὶ
824 2635 969 2707 βασιλικὸν
983 2651 1037 2690 om.
1052 2640 1138 2704 vulgo

121 2741 154 2750 —
175 2707 233 2763 ἔστι
250 2716 320 2776 γοῦν
337 2716 421 2762 τούτο
438 2708 459 2760 V
479 2737 513 2748 -
533 2714 549 2760 8
568 2705 791 2777 παράφρασιςΗ
812 2739 841 2746 -
862 2704 1014 2776 πιφαύσκων
1032 2705 1089 2760 VH
1107 2738 1136 2746 -

120 2786 136 2834 9
155 2780 205 2834 τδν
224 2777 354 2849 φάλαρον
372 2778 458 2848 vulgo
468 2775 555 2832 Dd.H
573 2809 606 2818 -
627 2776 718 2850 φόβον
732 2778 758 2831 Η
779 2809 810 2818 -
830 2775 929 2846 τιάρας
945 2779 966 2830 V
984 2809 1015 2818 ·-
1038 2784 1071 2832 10
1090 2778 1138 2850 βα-

120 2851 227 2906 σιλικὸν
246 2866 301 2906 om.
319 2848 405 2918 vulgo
424 2880 459 2889 -
478 2854 511 2902 11
532 2851 606 2918 φησί
619 2849 673 2903 Dd.

186 3033 250 3098 667
263 3054 331 3117 sqq.
371 3032 473 3115 βάσκε
504 3031 622 3114 πάτερε
654 3030 757 3113 βάσκε
787 3027 844 3095 καλ
875 3029 1076 3114 πορεύθητι,
1111 3025 1137 3095 ὦ

118 3147 241 3223 Δαρεῖε
265 3137 424 3220 δέσποτα,
453 3139 541 3214 ὅπως
563 3138 665 3222 κλύῃς
686 3134 742 3202 καί
771 3136 917 3222 άκούσχς
942 3134 997 3201 καλ
1026 3137 1138 3222 μάθφς

16 3316 20 3323 ,
117 3248 217 3313 καινά
230 3244 285 3311 καὶ
300 3245 462 3310 ἀλλόκοτα
480 3243 536 3309 καὶ
550 3242 609 3309 νέα
626 3245 689 3330 άχη
707 3252 768 3310 τοῦ
786 3242 924 3328 Ξέρξου.
961 3243 1007 3320 ὡς
1024 3243 1135 3334 ἐπῳδῇ

118 3352 155 3421 δὲ
178 3353 332 3439 κέχρηται
354 3360 400 3441 τῷ
425 3351 538 3435 βάσκε
561 3351 663 3435 πάτερ
686 3350 859 3436 Δαρειάν’.

189 3503 202 3550 1
223 3493 347 3565 πορεύου
365 3493 391 3547 V
415 3523 448 3534 -
477 3491 635 3547 θάλύκοτα
652 3491 710 3546 VH
733 3523 766 3531 -
796 3487 843 3546 ἐπὶ
861 3487 921 3564 ᾠδῇ
940 3489 997 3544 VH
1017 3520 1051 3531 -
1070 3495 1088 3544 4
1105 3507 1136 3544 τε

97 3565 134 3619 Η
147 3597 182 3608 -
203 3574 240 3639 τῇ
259 3565 354 3639 vulgo,
375 3570 414 3643 τῷ
435 3563 551 3622 VHDd.
