2430 3856
93 139 95 144 ⁸
173 163 237 213 xv1
576 162 789 215 PRAEFATIO.

240 321 399 406 Incipiam
423 345 443 388 a
465 323 547 407 loco,
570 322 625 408 qui
649 322 763 388 dubius
788 345 857 388 esse
878 327 998 408 posset,
1021 324 1086 388 nisi
1105 325 1140 389 in
1158 324 1191 390 V

174 429 384 515 glossematis
408 431 607 516 glossemata
631 430 799 516 archetypi
818 430 1023 516 haberemus,
1045 431 1079 496 id
1103 433 1189 517 quod

172 558 242 620 cap.
260 534 293 600 ΙΙ
317 537 497 621 apparebit.

240 661 273 710 v.
301 639 370 708 155
403 644 438 708 in
471 643 502 709 V
536 647 626 708 extat
663 655 853 727 προσπιτνῶ
887 666 960 710 cum
994 645 1189 729 glossemate

172 761 365 833 προσκυνῶ,
388 750 475 815 idem
494 751 528 814 in
548 749 659 831 HGL,
683 751 739 815 sed
763 752 797 814 in
815 751 850 816 M
872 755 1064 834 προσπίτνω
1089 770 1192 835 προσ-

174 869 283 942 κυνῶ,
310 859 344 921 in
367 857 439 923 Par.
462 856 526 922 LN
551 855 680 922 (lelbl
711 869 904 941 προσπιινῶ
932 871 1126 942 προσκυνῶ,
1156 863 1190 926 in

174 964 247 1029 aliis
286 965 394 1029 solum
430 968 631 1050 προσπίτνω.
690 963 761 1030 lam
794 965 997 1030 Wecklinius
1034 967 1069 1030 in
1107 968 1191 1032 curis

174 1070 326 1157 Aeschyl.
345 1094 376 1155 p.
391 1073 435 1136 60
453 1072 526 1136 inde
542 1072 676 1157 collegit
695 1071 896 1156 quorundam
916 1073 1062 1138 codicum
1081 1096 1192 1138 recen-

174 1180 295 1243 tiorum
315 1178 527 1263 archetypum
546 1201 612 1244 non
628 1200 698 1243 esse
713 1177 756 1262 M,
776 1180 832 1244 sed
846 1179 1059 1245 vetustiorem
1072 1181 1192 1245 librum

173 1285 318 1351 omnium
347 1285 472 1350 fontem
501 1286 610 1351 fuisse.
657 1284 865 1352 Contradixit
888 1284 1032 1352 Sorofius
1056 1283 1147 1374 (dise.
1171 1289 1192 1353 l.

173 1415 203 1476 p.
221 1388 292 1479 13):
311 1391 536 1478 Byzantium,
555 1395 610 1477 qui
624 1393 747 1478 primus
762 1392 919 1479 Aeschyli
937 1394 1067 1459 fabulas
1082 1417 1191 1459 recen·

142 1513 145 1520 '
174 1505 268 1580 seret,
296 1499 516 1564 emendavissc
539 1499 677 1566 Medicei
700 1499 780 1564 vitia
805 1504 901 1586 atque
924 1500 956 1565 h.
981 1502 999 1565 1.
1025 1501 1191 1584 glossema

173 1605 307 1671 eiecisse
336 1627 354 1670 e
380 1609 482 1672 textu.
528 1604 591 1672 Sed
619 1608 654 1671 in
679 1606 752 1672 Par.
776 1607 803 1672 L
827 1611 860 1673 et
882 1606 914 1672 N
942 1606 1128 1673 cMediceo
1157 1607 1188 1672 id

174 1712 375 1779 ‘restitutum
389 1713 482 1799 esse',
501 1715 654 1780 librarios
669 1737 745 1780 vero
756 1714 911 1805 „codicum
926 1713 957 1778 H
978 1719 1010 1778 et
1025 1714 1104 1778 L-
1114 1737 1190 1779 nam

174 1820 235 1886 hos
258 1824 385 1886 tantum
409 1823 501 1888 novit
525 1819 668 1888 Sorofius
691 1860 729 1869 -
752 1823 915 1907 glossema
937 1832 1116 1907 προσκυνῶ
1136 1828 1192 1886 aut

172 1950 191 1990 e
215 1927 319 1992 lexico
339 1929 479 2011 quodam
499 1930 676 2013 sumpsisse
696 1932 753 1994 aut
775 1951 813 1993 ex
832 1930 905 2011 ipso
924 1928 958 1991 M
977 1925 1192 1992 ‘restituisset

173 2030 268 2107 Quod
286 2030 446 2096 Reuterus
466 2033 556 2118 (diss.
570 2036 590 2097 l.
606 2057 637 2116 p.
649 2030 763 2120 23sq.)
782 2033 1017 2098 demonstravit
1031 2035 1065 2097 in
1081 2035 1191 2099 arche·

174 2141 254 2223 typo
278 2137 378 2203 fuisse
402 2141 594 2222 προσπίτνω
623 2162 696 2204 eum
725 2161 881 2224 superscr.
905 2150 1100 2224 προσκυνῶ,
1128 2162 1192 2220 que

175 2245 336 2328 scriptura
364 2245 440 2311 illae
468 2248 535 2310 tres
563 2246 716 2311 facillime
745 2246 961 2331 explicantur,
994 2265 1079 2308 nunc
1106 2245 1192 2327 inde,

174 2353 212 2413 ut
235 2351 300 2414 iam
325 2350 399 2436 dixi,
424 2353 581 2437 firmatur,
606 2353 691 2437 quod
710 2352 744 2416 in
763 2352 794 2416 V
813 2352 918 2416 multa
938 2351 1004 2415 alia
1023 2351 1191 2436 archetypi

175 2457 378 2541 glossemata
400 2461 520 2526 tradita
543 2464 628 2525 sunt.

241 2582 274 2632 v.
296 2563 363 2631 132
389 2568 421 2631 in
446 2567 546 2631 VHL
576 2567 697 2651 legitur
720 2569 897 2648 μελισσῶν,
922 2566 955 2628 in
980 2563 1072 2630 (lant.
1093 2565 1111 2629 1
1137 2589 1191 2649 με·

173 2676 306 2755 λισσᾶν,
329 2675 362 2738 in
383 2674 409 2738 G
430 2672 552 2739 Ven.B
571 2674 643 2739 Par.
661 2672 690 2737 B
714 2674 903 2757 palaceolum
926 2669 973 2758 (in
993 2673 1064 2738 Par.
1083 2670 1112 2734 B
1137 2673 1190 2736 ad-

176 2780 332 2863 scriptum
355 2784 407 2845 est
429 2778 622 2867 μελισσῶν),
646 2780 680 2844 iu
695 2779 729 2844 M
749 2785 781 2843 et
799 2779 869 2846 Par.
886 2779 911 2843 L
931 2778 1078 2863 μέλισσα.
1115 2779 1191 2863 Ipsa

174 2885 332 2950 librorum
355 2886 573 2972 discrepantia
595 2887 803 2972 cognoscitur
832 2886 1001 2971 archetypi
1030 2887 1191 2970 scriptura

172 2992 341 3114 pellaciae
363 3050 466 3112 neque
490 3029 624 3094 dubium
647 3036 706 3114 est,
729 3030 808 3116 quin
832 3030 993 3113 Aeschylo
1018 3029 1189 3093 reddamus

176 3141 348 3219 μελισσῶν,
372 3135 411 3200 cf.
436 3136 564 3202 Reuter.
588 3160 617 3220 p.
637 3139 679 3202 22
689 3159 736 3221 sq.

241 3261 274 3310 v.
296 3240 365 3308 784
393 3242 427 3306 in
446 3242 477 3307 V
502 3242 615 3325 (GHL
641 3244 721 3310 Ven.
740 3244 771 3309 A
794 3243 886 3309 (lant.
907 3245 924 3308 1
951 3243 1049 3307 Mosc.
1073 3243 1146 3310 Par.
1165 3239 1190 3306 O

175 3348 268 3414 Oolb.
290 3352 306 3413 1
331 3348 413 3416 Rob.
433 3348 521 3437 Ald.)
546 3351 702 3435 scriptum
726 3355 776 3415 est

292 3454 416 3540 Ξέρξης
440 3453 470 3523 δ’
498 3459 574 3543 ἐμὸς
596 3470 673 3535 ποεῖς
695 3457 771 3536 νέος
794 3458 841 3524 ὢν
864 3457 925 3523 νέοι
948 3469 1078 3543 φρονεῖ,

46 3624 57 3631 .
173 3563 209 3627 in
224 3562 271 3628 M:
298 3562 422 3650 Ξέρξης
442 3560 472 3631 δ’
494 3565 571 3652 ἐμὸς
589 3578 666 3643 παῖς
685 3564 760 3643 νέος
779 3564 844 3631 ἐὼν
862 3564 922 3631 νέοι
941 3575 1070 3650 φρονεῖ.
1181 3625 1185 3634 .
