2430 3856
496 193 707 246 PRAEFATIO.
1059 195 1109 245 LV

91 351 234 434 scripsit:
259 353 382 436 ἔκραζε,
401 354 495 436 φησί,
513 350 569 417 καὶ
587 351 711 436 ἐφώνει
729 377 788 438 pro
807 354 916 438 κράζε,
934 357 1026 441 φησί,
1052 353 1108 421 καὶ

87 458 202 542 φώνει.
257 457 342 523 Item
374 461 560 542 corruptela
591 461 636 545 gl.
659 460 690 526 V
717 462 793 544 817,
824 483 889 545 qua
920 461 1013 540 αὔξει
1046 485 1106 546 pro

88 563 224 642 αὔξεται
247 571 345 648 extat,
367 566 402 628 in
426 566 491 629 sch.
511 586 614 650 marg.
633 571 765 652 recepta
788 573 847 632 est.

156 668 360 756 Compluries
389 672 588 757 glossemata
616 673 783 757 leguntur,
812 697 894 759 quae
924 676 1106 759 quodcum

88 775 145 841 καὶ
164 778 337 842 coniuncta
354 782 440 860 sunt,
459 800 532 843 cum
552 780 685 844 scholiis
704 779 895 865 Byzantinis
914 787 1105 868 congruunt.

89 882 190 949 Velut
221 884 393 968 utrobique
427 885 468 949 ad
497 908 526 950 v.
551 886 617 951 644
643 883 792 952 καὶτῶν
818 899 959 972 νεκρῶν,
988 911 1015 953 v.
1040 889 1105 954 632

88 987 142 1054 καὶ
176 984 202 1054 ὦ
234 990 414 1072 Πλοῦιων,
447 1013 478 1055 v.
501 990 567 1056 635
603 989 658 1056 καὶ
696 990 862 1074 ἐπέκεινα,
896 1016 924 1058 v.
952 994 1019 1060 425
1050 992 1106 1059 καὶ

87 1096 234 1173 ἀτάκτως
266 1097 457 1183 adnotatum
488 1104 548 1161 est.
602 1097 710 1177 Facile
747 1100 922 1164 credideris
955 1101 1034 1166 haee
1067 1124 1105 1166 ex

88 1202 153 1266 illis
190 1202 311 1267 hausta
347 1224 428 1269 esse.
481 1204 527 1268 At
562 1205 771 1270 inveniuntur
802 1207 915 1271 eadem
948 1208 1106 1293 exempla,

88 1311 205 1393 quibus
239 1309 361 1374 similia
387 1331 453 1374 non
490 1311 649 1393 praebent
683 1311 749 1376 sch.
782 1334 884 1397 marg.
928 1311 1030 1378 Velut
1061 1315 1104 1400 gl.

88 1415 119 1481 V
141 1415 206 1482 130
229 1420 279 1480 est
301 1413 357 1481 καὶ
381 1417 514 1493 ίιικικὸς
532 1413 579 1504 (A
596 1426 660 1494 πῶς
678 1417 742 1501 γὰρ
762 1416 917 1507 ἱππικὸς),
935 1421 979 1505 gl.
994 1419 1024 1484 V
1039 1421 1102 1485 201

85 1522 141 1588 καὶ
165 1519 235 1588 ἐπεὶ
260 1519 382 1608 (solum
405 1521 477 1588 ἐπεὶ
500 1522 575 1608 GL,
606 1525 635 1588 A
659 1521 729 1589 ἐπεὶ
753 1520 818 1609 dt),
846 1527 891 1610 gl.
910 1526 940 1590 V
960 1528 1024 1592 221
1049 1524 1105 1592 καὶ

85 1631 183 1695 αἰτοῦ
202 1629 323 1715 (solum
343 1631 439 1694 αἰτοῦ
454 1627 492 1710 (i,
510 1629 594 1693 nihil
613 1631 646 1693 in
667 1628 721 1718 A),
739 1632 782 1715 gl.
800 1630 832 1695 V
851 1634 917 1698 312
935 1632 990 1698 aul
1009 1629 1104 1700 οὗτοι

86 1732 208 1823 (solum
233 1730 327 1801 οὗτοι
351 1735 389 1818 G,
413 1729 508 1800 οὗτοι
531 1736 566 1799 in
588 1737 684 1800 initio
710 1737 827 1802 scholii
846 1735 901 1824 A),
925 1741 968 1823 gl.
987 1739 1018 1803 V
1038 1741 1105 1806 324

85 1840 140 1907 καὶ
162 1853 268 1907 κινῶν
291 1839 413 1929 (solum
432 1851 537 1906 κινῶν
557 1840 594 1928 G,
617 1842 699 1907 nihil
719 1843 754 1907 in
771 1841 826 1930 A),
850 1845 893 1929 gl.
913 1844 944 1909 V
963 1847 1027 1911 347
1047 1845 1103 1912 καὶ

85 1950 254 2035 ναυμαχίᾳ
278 1947 322 2034 (A
345 1950 419 2033 ἤτοι
441 1957 481 2034 τῇ
504 1945 696 2037 ναυμαχίᾳ).

82 2227 85 2231 ,
153 2144 215 2210 Sed
238 2145 304 2209 iam
329 2145 408 2210 satis
432 2147 536 2210 multa
559 2146 597 2210 de
622 2146 830 2231 glossematis
855 2147 983 2232 spuriis.
1024 2147 1102 2214 For·

84 2256 172 2316 tasse
192 2251 359 2336 archetypi
377 2252 488 2337 imago
503 2274 541 2317 eo
556 2254 675 2318 certius
690 2254 889 2337 restituetur,
909 2275 972 2338 quo
992 2257 1101 2339 plures

85 2357 188 2423 libros
218 2357 357 2422 collatos
385 2357 587 2424 habebimus.
631 2357 695 2422 Est
724 2380 801 2422 sane
824 2360 918 2425 labor
940 2361 1101 2446 spinosus.

84 2462 256 2529 Nonnemo
279 2464 427 2548 profecto
450 2464 678 2528 reformidabit
700 2465 885 2550 rubiginem
904 2467 1100 2534 scholiorum

85 2570 315 2654 doctrinaeque
330 2571 628 2654 grammaticorum.
650 2569 802 2636 Fortasse
817 2572 918 2637 etiam
932 2572 966 2636 in
981 2594 1102 2658 genera

84 2677 210 2742 codices
244 2677 426 2742 describere
462 2676 583 2742 licebit.
639 2675 735 2742 Certe
771 2679 806 2742 in
842 2683 1008 2763 posterum
1046 2683 1101 2766 qui

84 2783 241 2868 Aeschyli
260 2783 367 2848 Prom.
384 2781 473 2868 Sept.
487 2783 575 2848 Pers.
593 2783 722 2849 fabulas
743 2779 912 2851 emendare
926 2788 1038 2852 volent
1059 2825 1097 2836 -

83 2913 160 2954 nam
193 2891 232 2954 de
264 2889 453 2956 Promethei
484 2896 518 2955 et
549 2890 681 2975 Septem
714 2891 834 2956 fabulis
868 2894 1001 2959 eandem
1030 2917 1099 2961 rem

83 3002 179 3082 atque
209 2997 247 3060 de
270 2995 381 3061 Persis
404 2997 502 3062 facile
526 3007 576 3063 est
599 2998 823 3064 demonstrare
845 3037 898 3084 -,
921 3024 1099 3087 numquam
1183 3081 1186 3087 Ι

81 3104 128 3168 eis
164 3103 359 3189 neglegendi
397 3108 493 3169 erunt
528 3106 723 3170 recentiores
761 3106 896 3173 codices.
955 3105 1099 3184 Quorum

82 3213 191 3275 textus
207 3233 300 3274 suum
314 3210 436 3274 habent
455 3212 605 3294 pretium.
644 3210 849 3277 Glossemata
867 3218 975 3277 autem
996 3213 1100 3278 multa

82 3317 344 3402 antiquissimam
359 3323 608 3402 repraesentant
626 3319 828 3384 memoriam.
859 3316 972 3404 Neque
991 3319 1098 3384 minus

81 3446 99 3488 e
132 3423 265 3488 scholiis
298 3422 505 3510 Byzantinis,
541 3425 715 3490 dummodo
747 3429 841 3490 caute
875 3425 1099 3514 adhibeantur,

55 3535 189 3596 -textus
213 3530 415 3615 Aeschyleus
439 3531 602 3596 emendari
627 3535 746 3615 potest.

472 3717 668 3744 -ψ,
679 3726 731 3733 .-.-
