2430 3856
372 798 375 809 '
486 791 797 864 PRAEFATIO.

201 1057 253 1122 Ad
291 1055 446 1142 Aeschyli
487 1055 615 1120 fabulas
657 1055 868 1121 recensendas
906 1057 1022 1141 quibus
1059 1059 1151 1124 libris

133 1187 234 1230 manu
259 1162 389 1248 seriptis
407 1163 487 1228 fides
507 1166 540 1227 et
559 1163 737 1229 auctoritas
757 1162 960 1248 adiungenda
980 1165 1031 1248 sit,
1056 1188 1151 1250 quae-

30 1283 31 1286 ’
133 1273 198 1337 stio
227 1270 423 1356 gravissima
449 1274 507 1336 est.
555 1270 644 1348 Quae
673 1274 831 1355 quantum
863 1271 904 1335 ad
928 1269 1094 1337 Oresteam
1119 1279 1152 1339 et

118 1379 303 1463 Supplices
328 1381 456 1464 spectat
479 1400 552 1442 curn
574 1379 641 1442 ianr
664 1378 712 1443 ita
736 1377 915 1462 disceptata
937 1381 989 1463 sit,
1012 1383 1049 1444 ut
1068 1381 1153 1446 eodi-

134 1508 205 1552 cem
228 1485 409 1552 Mediceum
433 1507 534 1550 unum
563 1486 643 1550 artis
672 1485 803 1551 criticae
832 1486 1054 1552 adiumentum
1082 1510 1152 1553 esse

133 1600 320 1660 constet-
335 1593 478 1678 exceptis
501 1593 655 1657 nimirum
675 1592 820 1657 versibus
841 1592 897 1676 qui
915 1593 1003 1657 foliis
1023 1595 1152 1659 amissis

134 1702 329 1768 interierunt
343 1723 400 1763 -τ
424 1701 462 1764 de
482 1700 529 1763 eis
550 1699 605 1782 qui
621 1698 809 1763 Promethei
829 1689 960 1782 Septem
980 1699 1152 1787 Persarum

133 1810 265 1876 fabulas
289 1812 417 1873 tantum
443 1806 704 1889 complectuntur
726 1805 821 1870 libris
839 1805 983 1870 nondum
1002 1806 1153 1874 diiudica-

133 1922 204 1983 tum
228 1920 287 1984 est.
333 1913 417 1982 Sunt
445 1913 545 1999 enim,
573 1913 630 1997 qui
658 1933 713 1978 eos
738 1935 755 1978 e
778 1913 846 1978 cod.
869 1911 905 1978 M
927 1914 1065 1998 pendere
1089 1920 1153 1980 sta·

132 2025 265 2106 tuerint,
289 2027 374 2107 sunt,
398 2023 452 2108 qui
476 2021 697 2086 adversentur.

201 2131 312 2215 Atque
334 2134 372 2194 ut
399 2129 511 2214 paucis
534 2128 597 2193 hac
620 2128 660 2193 de
687 2128 907 2193 controversia
932 2129 1061 2213 loquar,
1088 2132 1152 2214 pri-

135 2262 208 2305 mus
237 2237 397 2322 Georgius
425 2235 604 2322 Burgesius
632 2235 665 2298 in
695 2236 766 2300 adn.
791 2236 831 2299 ad
860 2233 972 2320 Suppl.
1001 2234 1043 2321 (a.
1065 2237 1150 2304 1821

134 2348 238 2412 Lond.
257 2341 321 2431 ed.)
343 2341 380 2428 ps
393 2345 435 2409 41
465 2343 565 2408 nullis
592 2342 730 2426 prolatis
760 2344 961 2426 argumentis
985 2345 1154 2410 contendit

134 2453 186 2518 ‘ex
208 2455 293 2517 libro
312 2451 396 2516 Med.
416 2473 474 2516 ceu
497 2451 588 2514 fonte
612 2448 751 2513 derivari
775 2455 899 2514 ceteros
919 2470 1030 2515 omnes
1049 2452 1152 2517 libros

134 2561 376 2643 manuscriptos
390 2558 424 2622 in
439 2556 640 2622 bibliotheca
656 2556 803 2641 qualibet
819 2557 1030 2622 adservatos’.
1067 2557 1152 2623 Ean·

134 2669 207 2732 dem
236 2669 430 2732 sententiam
458 2657 596 2748 protulit
619 2661 763 2729 Cobetus
791 2664 826 2728 in
855 2664 1025 2747 orationis,
1053 2687 1151 2750 quam

134 2774 173 2838 de
215 2779 284 2837 arte
326 2772 562 2856 interpretandi
603 2771 719 2836 habuit
759 2769 910 2854 Lugduni
951 2770 1151 2838 Batavorum

134 2903 163 2945 a.
193 2880 296 2964 1846,
333 2879 520 2964 appendicis
559 2903 588 2964 p.
619 2879 692 2944 103.
728 2876 814 2943 Sed
850 2900 891 2942 ne
928 2878 985 2943 illc
1022 2879 1153 2964 quidem

134 2988 292 3071 exemplis
320 3008 398 3051 usus
427 2991 486 3052 est.
531 2985 653 3050 Tamen
676 2984 865 3051 Din'dorfius
893 2987 927 3050 in
956 2986 1152 3052 editionibus

133 3093 292 3179 Aeschyli
334 3095 436 3158 solam
474 3092 610 3158 Medicei
651 3091 728 3157 libri
769 3094 960 3159 memoriam
1001 3094 1152 3176 respexit.

134 3199 258 3268 Contra
282 3199 487 3267 Godofredus
509 3199 717 3266 Hermannus
741 3201 776 3266 in
799 3201 941 3266 editione
964 3201 1039 3263 anni
1064 3200 1151 3265 1853

17 3339 20 3345 ·
134 3310 256 3374 multas
272 3307 441 3374 adnotavit
454 3308 613 3373 librorum
627 3308 844 3375 recentiorum
863 3306 1018 3371 lectiones
1033 3306 1150 3372 vanas

134 3414 334 3482 Ritsohelius
368 3420 476 3480 autem
509 3415 544 3482 in
575 3416 677 3500 praef.
709 3415 826 3500 prioris
855 3410 987 3499 Septem
1019 3413 1151 3480 fabulae

135 3522 289 3589 editionis
324 3522 461 3610 (Elberf.
487 3545 514 3588 a.
540 3522 626 3589 1853
659 3519 782 3610 factae]
815 3520 914 3586 dixit.
943 3519 1100 3583 sodium
1115 3519 1172 3574 ab
