2430 3856
488 157 700 208 PRAEFATIO.
1036 159 1105 209 XIII

80 341 138 384 cus
163 317 215 402 sit,
239 316 366 383 scholia
389 317 430 382 ad
454 317 628 383 nonnullos
647 316 823 382 Persarum
844 339 956 382 versus
976 318 1104 385 desunt.

80 425 120 490 In
143 425 330 491 universum
357 424 440 490 haec
468 424 595 490 scholia
622 425 806 489 consentire
831 424 989 508 cumeis,
1018 447 1102 510 quae

81 533 118 598 in
147 532 217 597 cod.
245 530 447 596 Farnesiano
483 553 565 596 saec.
589 529 667 594 XIV
702 554 722 594 a
749 531 917 596 Demetrio
946 531 1101 598 Triclinio

81 639 204 723 scripto
224 660 297 703 cum
316 639 461 722 praefixa
474 660 553 704 voce
567 637 711 703 παλαιὸν
729 638 893 724 leguntur,
917 637 1001 706 Guil.
1016 637 1101 705 Seel-

81 767 223 810 mannus
246 745 282 809 in
304 745 381 813 diss.
405 745 444 810 de
471 745 707 830 propagatione
732 745 933 810 scholiorum
958 745 1101 831 Aeschy-

80 854 207 918 leorum
235 875 267 936 p.
285 853 385 937 24sq.
414 851 531 917 docuit.
576 851 668 916 Idem
697 853 936 918 demonstravit
965 854 1101 918 scholia·

82 964 183 1044 stam,
216 959 267 1024 cui
299 959 380 1023 haec
414 959 539 1024 scholia
571 958 744 1024 tribuenda
777 963 866 1042 sunt,
904 981 999 1023 usum
1032 981 1104 1024 esse

81 1065 275 1152 apographo
299 1065 419 1131 codicis
437 1065 473 1130 M
496 1070 530 1130 et
552 1065 647 1150 libro,
671 1087 735 1152 quo
760 1065 885 1131 scholia
905 1067 935 1130 A
959 1066 1101 1131 contine-

80 1174 212 1240 bantur.
258 1172 295 1237 In
319 1174 380 1238 hac
403 1173 582 1256 posteriore
606 1174 769 1238 sententia
788 1172 960 1238 statuenda
979 1173 1104 1258 glosse-

81 1285 172 1346 mata
195 1279 351 1365 neglexit.
398 1277 461 1344 Sed
485 1301 524 1344 ea
552 1281 625 1364 ipsa
652 1280 743 1344 illam
767 1280 969 1345 confirmant.
1017 1278 1101 1344 Nam

82 1388 260 1472 permulta,
295 1409 377 1472 quae
405 1387 438 1450 in
467 1387 632 1453 codicibus
661 1387 860 1452 scholiorum
884 1387 914 1451 A
941 1388 1102 1473 leguntur,

81 1495 116 1559 in
150 1494 314 1560 codicibus
347 1493 546 1559 scholiorum
580 1492 621 1578 B,
654 1495 744 1558 velut
770 1492 880 1578 BGL,
913 1494 1102 1579 reperimus.

81 1601 296 1667 Transierunt
319 1600 422 1686 igitur
444 1622 462 1664 e
485 1601 570 1665 libro
595 1601 742 1666 adhibito
767 1601 800 1665 in
825 1601 989 1685 exemplar
1012 1600 1104 1665 scho-

82 1707 243 1773 liastaeB
263 1711 296 1774 et
320 1707 510 1793 apographa
530 1708 608 1773 eius.
645 1706 739 1783 Quod
759 1711 869 1771 autem
888 1712 997 1770 textus
1017 1707 1102 1772 codi-

81 1838 156 1880 cum
180 1813 240 1880 GL
264 1836 365 1900 prope
389 1813 514 1880 accedit
537 1813 578 1878 ad
600 1813 642 1900 H,
666 1814 723 1900 qui
745 1813 870 1878 scholia
893 1813 924 1877 A
948 1814 1104 1898 continet,

82 1922 150 1987 veri
174 1921 281 1987 simile
306 1922 434 1986 videtur
461 1921 580 1985 librum
610 1944 629 1985 a
659 1919 888 1986 scholiastaB
918 1920 1102 1985 adhibitum

81 2052 186 2094 exea
214 2028 361 2094 codicum
388 2028 516 2093 familia
543 2028 659 2114 fuisse,
687 2050 704 2093 e
732 2051 797 2114 qua
824 2028 967 2094 codicem
990 2026 1023 2092 H
1046 2024 1101 2116 (cf.

82 2140 223 2201 stemma
258 2135 346 2199 infra
382 2133 551 2223 positum).
606 2134 702 2203 Certe
739 2158 916 2200 consensus
955 2135 1101 2200 codicum

81 2241 181 2307 BGL
205 2263 278 2307 cum
302 2241 373 2306 VH
395 2247 621 2326 repraesentat
644 2244 843 2328 glossemata
867 2243 993 2328 antiqui
1016 2243 1102 2327 libri,

81 2350 139 2434 qui
167 2349 293 2415 scholia
320 2347 351 2413 A
380 2349 535 2417 exhibuit.
585 2351 630 2414 At
662 2373 740 2415 num
774 2353 860 2414 recte
888 2348 1100 2414 Seelmannus

81 2457 103 2520 l.
121 2457 142 2522 l.
162 2455 315 2521 statuerit
338 2456 547 2522 scholiastam
567 2457 595 2522 B
619 2456 832 2542 apographon
852 2456 988 2521 Medicei
1011 2457 1101 2521 adhi-

81 2563 203 2648 buisse,
231 2563 364 2628 dubium
388 2567 448 2628 est.
493 2563 565 2630 Hoc
590 2565 677 2630 enim
702 2562 912 2630 Seelmannus
941 2563 1015 2627 inde
1040 2565 1103 2629 col-

81 2669 174 2756 legit,
197 2671 283 2756 quod
306 2671 341 2735 in
364 2671 498 2736 scholiis
522 2671 549 2735 Β
574 2671 700 2737 scholia
723 2671 758 2735 M
780 2671 995 2750 inveniuntur,
1020 2693 1102 2756 quae

81 2777 117 2841 in
140 2775 274 2842 scholiis
294 2779 322 2842 A
347 2799 413 2842 non
437 2782 558 2843 extant.
597 2776 660 2843 Sed
684 2779 754 2864 ipse
773 2778 854 2842 dixit
876 2775 922 2867 (p.
937 2777 996 2866 25)
1017 2779 1102 2845 codi-

82 2905 153 2948 cem
177 2883 375 2949 scholiorum
400 2885 443 2969 A,
474 2907 537 2970 quo
562 2884 742 2977 scholiasta
767 2885 793 2948 B
823 2908 901 2951 usus
930 2890 993 2972 est,
1017 2888 1100 2953 intc-

82 2991 226 3075 griorem
257 2989 360 3056 fuisse
393 3014 490 3076 quam
523 2992 625 3056 libros
658 3014 745 3057 nunc
777 2997 882 3059 notos.
929 2993 1043 3079 Itaque
1073 2996 1101 3060 si

81 3098 371 3162 demonstraverim
401 3098 580 3164 scholiaA
609 3100 650 3163 ab
679 3098 791 3164 eodem
820 3101 995 3187 archetypo
1023 3123 1101 3184 pen-

81 3205 157 3269 dere
182 3209 281 3289 atque
304 3204 428 3270 scholia
450 3205 496 3271 M:
521 3205 634 3290 quidni
658 3206 718 3270 illa
741 3207 874 3292 scholia,
898 3229 980 3292 quae
1004 3229 1042 3270 ex
1066 3207 1101 3270 M

81 3311 186 3395 petita
210 3333 279 3376 esse
299 3310 509 3378 Seelmannus
534 3313 741 3396 existimauit,
765 3337 804 3378 ex
824 3314 1002 3399 archetypo
1026 3337 1100 3399 pro-

81 3417 167 3483 fecta
191 3420 225 3483 et
248 3418 282 3482 in
307 3421 483 3504 exemplari
507 3421 593 3506 quod
617 3420 842 3486 scholiastaB
867 3419 1017 3486 adhibuit
1035 3443 1102 3486 ser-

80 3529 160 3591 vata
190 3527 365 3611 putemus?
416 3526 596 3610 Propterea
628 3528 661 3592 in
695 3527 873 3594 editionem
904 3527 1118 3591 scholam
