2430 3856
119 181 182 245 166
547 183 704 236 εοΗοτιι

184 347 273 427 [531.
314 343 549 432 συνεισφέρειν
584 347 703 425 πιστδις
734 345 859 430 βουλὰς
890 345 971 430 ἡμῖν
1003 342 1133 422 πιστοῖς

116 447 212 518 οὖσιν
237 453 284 530 εἰς
307 452 400 538 ὑμᾶς.
444 455 477 519 εἰ
499 449 536 519 δὲ
559 453 720 540 γράφεται
743 454 890 536 πιστούς,
917 450 1019 536 λέγει·
1047 451 1133 537 ὑμᾶς

116 555 154 625 δδ
176 562 238 646 χρὴ
262 563 399 638 πιστοὺς
422 562 520 639 ὄντας
543 561 642 627 κιστδι
670 561 903 644 βουλεύεσθαι.
950 561 1048 646 vulgo
1056 558 1133 647 (Dd.

116 688 133 730 e
156 669 248 732 textu
271 664 396 755 vulg.)].

184 2053 264 2138 [537
303 2078 354 2138 γρ.
378 2051 433 2144 καὶ
457 2055 592 2137 ὤλεσας,
617 2051 662 2118 ἵν’
689 2045 709 2139 ᾖ
734 2052 884 2119 στικτέον
908 2051 945 2118 ἐν
967 2053 1090 2141 τούτῳ·
1114 2052 1134 2136 ἡ

118 2157 156 2226 δὲ
179 2159 333 2239 σύνταξις
356 2160 506 2244 τοιαύτη·
531 2156 557 2225 ὦ
577 2165 644 2226 Ζεῦ
663 2163 812 2244 βασιλεῦ,
836 2169 901 2226 νῦν
925 2161 1051 2238 ὤλεσας
1073 2161 1135 2244 τὴν

118 2268 277 2354 στρατιὰν
313 2277 380 2332 τῶν
412 2271 555 2351 Περσῶν
593 2277 660 2344 τῶν
697 2269 915 2352 μεγαλαύχων
946 2264 1002 2332 καὶ
1033 2271 1135 2331 κολυ-

118 2375 261 2461 άνδριον.
312 2373 521 2451 ἐλλειτιτικῶς
553 2370 591 2441 δδ
623 2375 661 2439 τὸ
695 2378 763 2439 καί·
796 2372 850 2440 καὶ
882 2376 919 2440 τὸ
952 2375 1036 2439 άστυ
1067 2385 1135 2438 τῶν

90 2482 263 2548 εΣούσων
285 2479 341 2547 καὶ
363 2493 431 2547 τῶν
451 2479 660 2565 Ἐκβατάνων
688 2479 895 2565 κατέκρυψας
919 2479 956 2545 ἐν
980 2481 1135 2568 δνοφερῷ

116 2587 245 2655 πένθει.
268 2589 318 2671 Ρ.]

185 2802 252 2867 540
287 2798 408 2866 πολλαὶ
432 2795 463 2866 δ’
490 2799 630 2878 ἁπαλαῖς
653 2805 758 2886 χερσίτ
782 2798 902 2866 πολλαὶ
926 2798 962 2866 δὲ
980 2811 1136 2885 γυναῖκες

117 2910 386 2992 κατερεικόμεναι
409 2905 464 2973 καὶ
488 2911 658 2993 οχίζουσαι
685 2909 743 2984 τὰς
765 2911 954 2991 καλύπτρας
977 2905 1034 2972 καὶ
1057 2910 1136 2984 τοὺς

119 3017 227 3093 ἰδίους
249 3026 390 3101 χιτῶνας
412 3016 567 3099 τέγγουσι
588 3013 643 3081 καὶ
662 3013 820 3100 βρέχουσι
838 3017 917 3093 τοὺς
935 3017 1081 3092 κόλπους
1100 3015 1136 3081 ἐν

119 3124 262 3210 δάκρυσι
294 3121 473 3208 μυδαλέοις
504 3120 560 3188 καὶ
593 3122 746 3207 διύγροις
776 3124 985 3206 θλιβόμεναι.
1031 3122 1138 3200 οὕτως

91 3228 157 3296 εδδ
181 3234 316 3315 ἔμελλεν
340 3232 455 3313 εἰπεῖν,
484 3230 536 3294 ὅτι
558 3227 679 3294 πολλαὶ
706 3227 780 3294 νέαι
802 3240 957 3313 γυναῖκες
979 3227 1035 3294 καὶ
1058 3228 1138 3294 διτα-

119 3340 254 3424 λόχροοι
272 3339 403 3423 νύμφαι
424 3334 480 3404 καὶ
501 3345 566 3402 νῦν
586 3339 633 3402 ἔτι
653 3336 795 3423 ἀνδράσι
814 3340 1047 3421 συζευχθεϊσαι
1065 3359 1139 3402 ποι-

191 3499 205 3547 1
227 3492 258 3550 δὲ
275 3512 328 3550 om.
344 3494 417 3550 V-
433 3503 448 3550 3
468 3493 631 3566 τέγκουσιΗ
648 3527 681 3536 -
696 3502 713 3550 4
730 3496 880 3568 δλίβονται
892 3493 919 3548 V
935 3526 964 3533 -
982 3492 1089 3549 ούτωλῙ
1105 3525 1138 3537 -·

101 3569 124 3614 ὅ
141 3562 263 3634 ᾇιελλον
277 3567 312 3622 Η
325 3601 355 3611 -
372 3566 417 3626 δτι
436 3586 492 3626 om.
509 3566 542 3641 V,
561 3566 593 3626 τδ
611 3567 640 3624 Η
656 3599 687 3610 -
703 3565 754 3624 καὶ
772 3563 944 3636 διπαλύγοοοι
960 3566 1072 3634 υύρφαι
1084 3582 1141 3623 om.
