2422 3862
112 157 154 221 58
542 156 699 208 SOHOLIA

180 318 242 384 159
280 316 440 401 ’Ἁτοσσα,
477 316 631 402 θύγιίτηρ
669 317 801 402 Κύρου,
843 317 929 401 γυνὴ
967 320 1126 404 Δαρείου,

112 430 217 512 μήτηρ
241 421 367 508 Ξέρξου
390 425 472 490 κατὰ
491 418 678 509 Ἡρόδοτον
702 423 732 488 V
753 420 808 511 (de
832 423 898 489 seh.
914 425 998 510 vulg.
1018 428 1051 490 ei
1065 423 1128 491 Dd.

111 533 173 598 vid.
191 536 305 598 notam
324 531 365 597 ad
385 531 451 598 sch.
466 553 493 596 v.
515 530 603 617 153).

182 698 198 746 2
216 688 291 745 κατὰ
309 689 359 745 τὸν
372 686 416 745 Ἡ.
436 687 461 742 V
516 706 521 714 ·

179 907 244 972 160
254 928 304 991 sq:
347 911 446 971 θεοῦ’
461 901 523 990 μέν
546 904 721 991 εὐνήτειρα
745 909 901 991 Περσῶνε
931 906 1009 982 τοὺς
1032 907 1126 988 βασι-

112 1019 180 1090 λεῖς
208 1012 320 1077 αὐτῶν
343 1010 485 1078 ἐκάλουν
508 1013 613 1089 θεοὺς
636 1012 671 1077 οί
688 1009 816 1096 Πέρσαι
839 1010 860 1095 ἢ
885 1017 941 1076 ίσα
959 1008 1014 1076 καὶ
1032 1018 1128 1089 θεοῖς

112 1119 240 1203 ἐτίμων.
287 1115 392 1204 φησὶν
421 1113 484 1184 οὐν
508 1118 526 1184 ὁ
549 1120 649 1204 χορὸς
670 1118 754 1204 πρὸς
775 1118 837 1202 τὴν
853 1108 1033 1184 Ἄτοσσαν·
1064 1127 1126 1184 τοῦ

111 1232 196 1292 θεοῦ
219 1222 281 1311 μέν
299 1236 366 1291 τῶν
386 1230 529 1311 Περσῶν
547 1224 665 1309 ἐγένου
689 1225 874 1309 σύγκοιτος,
898 1224 1048 1291 τουτέστι
1066 1233 1128 1291 τοῦ

84 1336 279 1418 ιΛαρείου,
307 1327 480 1417 μήτηρύὐ
503 1329 745 1415 πάλινέγένου
767 1339 828 1396 τοῦ
850 1338 947 1415 θεοῦ,
969 1333 1044 1415 ἤτοι
1067 1340 1128 1398 τοῦ

110 1439 252 1524 Ξέρξου,
280 1441 313 1504 εί
332 1437 413 1516 τέως
441 1439 485 1523 μὴ
509 1438 527 1504 ὁ
551 1440 691 1515 παλαιὸς
714 1439 843 1523 δαίμων
866 1439 939 1522 ἤτοι
962 1438 982 1522 ἡ
1007 1437 1127 1524 ἀρχαία

110 1544 166 1612 καὶ
188 1546 209 1630 ἡ
233 1544 313 1629 πρὶν
333 1545 468 1630 εὐτυχία
490 1543 672 1630 μεθέστηκε
691 1554 819 1632 στραιςό
843 1542 918 1610 ἀντὶ
936 1554 997 1611 τοῦ
1015 1544 1127 1635 παρῴ-

110 1642 210 1739 χηκεν
238 1653 391 1719 ἀπὸτοῦ
419 1661 572 1739 στρατοῦ.
623 1651 831 1740 P(Dd.)VH.
877 1651 949 1719 Hoc
982 1657 1014 1718 et
1044 1677 1127 1739 quae

111 1764 264 1827 secuntur
293 1760 400 1826 decem
430 1759 556 1825 scholia
580 1759 699 1826 absunt
722 1761 762 1825 ab
788 1758 830 1845 Ο,
858 1760 891 1824 in
920 1781 983 1846 quo
1007 1761 1128 1828 excidit

111 1889 211 1933 unum
234 1867 358 1934 folium.

184 2031 196 2078 1
217 2023 323 2078 lemma
339 2023 423 2079 hausi
441 2041 475 2079 ex
493 2024 527 2091 H,
546 2023 596 2078 ubi
614 2026 710 2080 tamen
728 2025 816 2087 θεοὺς
839 2055 874 2064 -
897 2026 962 2088 τοὺς
981 2026 1042 2097 βασ.
1063 2027 1125 2082 αὐτ.

111 2093 141 2150 οί
156 2092 264 2184 ῌέρσαι
288 2097 334 2150 ίσα
357 2093 406 2150 καί
424 2094 483 2166 (καί
503 2111 556 2151 om.
573 2091 608 2166 V)
631 2098 713 2160 θεοῖς
735 2095 844 2166 ἐτίμων.
881 2100 999 2151 καλοῦσι
1021 2094 1053 2152 δέ
1077 2097 1128 2151 καί

109 2163 409 2293 &iamai-ff}
425 2170 497 2293 {Ji
513 2165 577 2292 ἐιῖι
597 2198 650 2292 ai.
670 2170 790 2291 ίιίῖοῦ
804 2183 892 2308 iiii
905 2167 1127 2304 θιίῗῗοῦιῖιιῖ

110 2310 201 2378 μοιί
225 2339 258 2351 -
288 2314 303 2364 7
323 2307 373 2365 καί
390 2308 458 2379 πρὶν
477 2309 533 2365 εὐτ.
552 2308 587 2375 Η,
611 2308 659 2363 καί
678 2309 786 2364 παλαιὰ
805 2310 861 2365 εὐτ,
876 2309 898 2363 Ρ
916 2341 949 2350 -
970 2311 1126 2378 στρατοῦΗ

111 2410 143 2419 -
160 2387 175 2436 8
195 2379 250 2435 ἀπὸ
270 2388 319 2436 τού
339 2389 457 2450 στρατοῦ
477 2397 530 2437 om.
542 2381 576 2450 V,
595 2379 659 2435 ἀντὶ
677 2388 727 2435 τοῦ
747 2390 864 2450 στρατοῦ
885 2381 910 2434 Η

178 2774 242 2838 162
254 2795 323 2859 sqq.
369 2782 473 2839 ταῦτα
506 2773 547 2857 δὴ
581 2769 712 2864 λιτούσ’
747 2776 865 2841 ίκιίνωε
902 2775 1072 2842 ἀκούσασα
1104 2777 1125 2862 ἡ

100 2877 245 2944 ’Ἀτοσσα
267 2887 328 2945 τοῦ
351 2887 455 2964 χοροῦ
479 2881 640 2963 είιτόντος,
665 2882 716 2947 ὐτι
739 2883 771 2947 εί
787 2883 832 2966 μὴ
851 2881 871 2966 ἡ
891 2880 971 2965 πρὶν
990 2882 1125 2968 εὐτυχία

21 3026 26 3035 -
110 2985 303 3071 μεθέστηκε,
331 2988 428 3071 φησί·
458 2987 513 3052 διὰ
536 2984 712 3053 ταῦτακαὶ
737 2987 800 3070 ἐγὼ
824 2992 1049 3074 παραγίνομαι
1074 2991 1126 3057 ἐν-

109 3099 219 3159 ταῦθα
246 3093 330 3177 πρὸς
356 3092 441 3178 ὑμᾶς
469 3096 694 3172 καταλείψασα
721 3097 800 3172 τούς
830 3105 943 3183 χρυσῷ
967 3113 1125 3182 κεκοσμη-

83 3221 97 3264 ο
111 3197 234 3286 μένους
266 3205 379 3278 οίκους
410 3197 464 3266 καὶ
497 3202 557 3265 τὸν
589 3203 764 3284 βασιλικὸν
792 3213 943 3267 κοιτῶνα.
985 3201 1040 3268 καὶ
1069 3202 1124 3288 ἐμὲ

125 3429 131 3438 -
182 3391 315 3448 Scholion
333 3393 419 3463 vulgo
438 3397 466 3449 et
485 3410 529 3464 ap,
544 3393 597 3448 Da!
618 3393 657 3448 sie
677 3393 714 3448 ad
733 3394 790 3449 sch.
806 3413 831 3450 v.
850 3401 899 3450 155
914 3395 1053 3450 adnexum
1068 3399 1125 3453 est:

50 3456 55 3465 ’
107 3473 198 3520 ταῦτα
225 3462 257 3520 Oi
283 3463 330 3535 (δὴ
357 3464 455 3536 vulgo)
484 3464 630 3520 ἀκούσασα
657 3465 675 3534 ἡ
698 3462 811 3521 Ἄτοσσα
849 3497 882 3506 -
920 3473 936 3520 2
965 3464 1008 3521 ὐτι
1036 3466 1064 3522 εί
1087 3468 1125 3539 μὴ

78 3535 220 3619 αφά),
240 3537 272 3591 εί
284 3556 310 3592 τι
326 3535 367 3606 μὴ
386 3536 511 3607 vulgoH,
531 3537 563 3592 εί
575 3555 602 3590 τι
620 3555 666 3607 μοι
686 3536 711 3590 V
731 3569 763 3578 -
784 3545 800 3591 3
819 3556 852 3607 με
872 3535 1030 3607 καθέστηκε
1051 3540 1125 3594 H·-
