2430 3856
472 186 512 235 IN
530 186 561 239 V.
582 189 731 238 735-743.

93 344 177 410 οὐδέ
192 368 242 422 τις
260 344 381 428 γέρων]
400 345 576 429 ἠφανίσθη

95 453 252 535 δηλονότι
265 451 304 517 V.
329 450 461 536 ἐφθάρη
476 451 518 516 Η.
534 490 576 498 -

96 559 161 624 735
184 558 318 642 ἡλικίαν
336 557 407 623 VL.
430 595 466 604 -

97 1199 162 1264 736
186 1196 425 1282 μεμονωμένον
447 1197 487 1264 V.
521 1201 579 1282 μό-

98 1328 159 1369 νον
184 1305 221 1370 G.
248 1343 285 1351 -
317 1299 493 1389 ἄπομεῑναι
523 1307 581 1390 δη-

97 1414 211 1478 λονότι
241 1411 282 1478 V.
336 1412 580 1498 ἐναπολειφθῆ-
693 1435 694 1438 ’

97 1542 154 1583 ναι
180 1517 221 1582 Η.
258 1556 295 1564 -
335 1516 468 1602 *ἤγουν
502 1520 582 1602 μετὰ
1088 1552 1091 1557 ·

97 1626 222 1710 ὀλίγων
231 1624 272 1691 7.
285 1662 323 1670 -
343 1625 404 1700 737
421 1623 499 1690 *καὶ
513 1628 581 1690 τίνι
636 1628 699 1693 737
725 1626 995 1710 διαπράττεσθαι.
1014 1663 1059 1673 -
1080 1626 1117 1693 ἐν

97 1735 209 1819 τρόπῳ
228 1731 268 1797 V.
290 1769 328 1779 —
351 1731 460 1816 <π>οῦ
477 1730 518 1798 V.
540 1770 578 1779 —
636 1721 801 1818 ἐρωτήσει.
817 1772 858 1782 -

98 1843 268 1921 τελευτᾶν]
284 1841 321 1904 τὸ
340 1847 475 1923 πρᾶγμα
484 1837 524 1904 7.
541 1877 580 1886 -

99 1948 164 2013 738
184 1944 269 2030 φασὶ
287 1947 471 2029 *δηλονότι
484 1945 523 2012 V.
542 1985 579 1994 —

99 2051 155 2119 καὶ
192 2055 272 2138 μετὰ
313 2055 506 2138 προθυμίας
542 2053 581 2119 7.

99 2170 259 2246 πεοιιαοῆ
283 2159 325 2225 H.
351 2197 389 2207 -
415 2158 583 2246 νέουσιν]

78 2312 81 2316 ⁴
99 2268 173 2345 *είς
191 2269 253 2351 τὴν
267 2267 307 2331 7.
329 2304 367 2314 -
388 2267 450 2351 τὴν
468 2263 583 2332 Ἀσίαν

99 2373 155 2441 καὶ
171 2375 240 2458 ’τὴν
263 2375 432 2459 Εὐρώπην
451 2373 491 2440 7.
514 2411 551 2421 —-
736 2460 739 2466 Ι

101 2483 164 2548 739
190 2478 307 2546 *ἐστὶν
329 2480 370 2546 7.
396 2518 434 2528 -
460 2477 585 2564 ἀληθὲς
640 2479 703 2544 738
727 2479 787 2544 τὸν
804 2476 1062 2566 Ἑλλήσποντον,
1083 2483 1120 2560 ὃς
1141 2540 1143 2544 ,

100 2586 177 2653 7Η.
201 2625 237 2634 -
261 2590 326 2654 740
350 2585 506 2671 *ἀληθὴς
519 2586 584 2652 7Β
641 2585 817 2668 ζεύγνυσιν
838 2583 951 2654 Ἀσίαν
974 2587 1029 2654 καὶ
1052 2589 1119 2655 Εὐ-

100 2694 170 2761 GL.
188 2733 226 2742 —
245 2696 359 2777 τοῦτο]
378 2693 586 2760 *κατὰ7-
640 2692 765 2776 ρώπην.
781 2730 823 2738 -
837 2717 888 2779 γρ.
903 2707 1025 2781 φυγεῖν
1036 2695 1119 2786 (gl.).

100 2805 290 2887 φιλονεικία
309 2800 448 2867 7Η.’-
641 2835 683 2845 -
698 2800 763 2865 740
771 2800 953 2886 ἀμφιβολία
963 2800 1121 2892 (ἀμφιβο-

639 2908 711 2983 λίας
725 2929 767 2992 m,
791 2931 871 2974 corr.
885 2907 997 2998 vict.)
1022 2919 1121 2978 ,τοῦτο

639 3009 700 3076 οὐκ
714 3012 909 3097 ἄδηλον.-

103 3124 166 3188 744
194 3119 258 3187 *τὸ
281 3121 374 3198 τέλος
392 3120 433 3188 7.
454 3158 492 3169 -
520 3124 585 3188 742
641 3120 705 3184 741
725 3120 770 3198 ὡς
788 3130 849 3186 τοῦ
863 3125 1013 3206 Δαρείου
1026 3122 1122 3210 (μαν-

103 3227 238 3312 ἐνέβαλε
256 3227 331 3295 HG.
355 3225 410 3293 καὶ
430 3227 585 3294 ἐπελθεῖν
639 3229 731 3293 σείου
775 3228 924 3314 Kirchh.)
972 3230 1124 3308 εἰπόντος

103 3335 238 3419 ἐποίησε
257 3333 296 3400 7.
321 3372 364 3382 -
387 3336 491 3418 ἔμπας
515 3333 588 3423 (pro
642 3333 745 3400 αὐτὸν
791 3334 971 3421 ἀποβαλεῖν
1015 3339 1124 3402 πολὺν

104 3441 144 3508 δέ
163 3439 261 3527 που)]
285 3441 373 3527 ὅμως
392 3441 432 3507 7.
457 3479 495 3489 -
522 3444 587 3510 743
642 3443 792 3527 στρατόν.
818 3478 860 3488 -

103 3545 236 3634 *ἤγουν
260 3552 325 3634 πρὸ
341 3552 476 3637 χρόνιον
490 3549 532 3618 7.
545 3590 591 3600 -

148 3661 233 3703 som.
249 3674 278 3704 m
290 3663 383 3707 Αυεοιῑ.
399 3668 472 3711 Ραεε.
488 3669 526 3712 od.
541 3670 564 3711 D
572 3669 695 3713 uhnhu
703 3670 741 3712 fik..
978 3643 1026 3692 *A
