2430 3856
502 196 714 251 PRAEFATIO.
1013 199 1116 250 XXXV

169 355 245 422 sch.
265 355 299 422 ll
319 354 364 421 87
368 354 390 421 8
414 361 504 422 extat
528 359 565 423 οιί
580 360 671 446 παρὰ
688 360 748 424 τὸν
762 353 1008 444 Ἑλλήσποντον
1026 365 1117 444 οίκη-

101 480 156 529 σιν
184 463 363 548 αὐχοῦσοιι,
393 465 478 548 quod
508 487 548 529 ex
576 467 607 531 A
635 467 771 532 correxi:
799 467 837 530 αί
860 465 936 553 περὶ
966 469 1025 535 τὸν
1043 465 1115 532 Ἑλ-

97 573 288 656 λήσποντον
325 576 457 655 οἴκησιν
494 575 639 657 έχουσαι.
693 572 779 639 Nam
814 573 995 658 Aeschyleo
1029 572 1116 659 ἀμφὶ

98 678 193 744 debet
216 679 411 763 respondere
434 682 518 765 περί.

162 782 239 852 soll.
258 783 294 851 AI
313 783 360 850 80
383 782 471 862 τινὲς
493 787 568 871 γὰρ,
593 787 659 853 soh.
678 786 708 852 A
728 791 761 853 et
780 788 899 852 arohel.
922 784 1009 864 τινές
1032 784 1078 853 δὲ.

164 890 240 958 soh.
259 891 294 958 M
315 890 383 957 128
404 891 487 978 πίση
506 891 655 978 πέπλοις,
673 893 894 960 Kirohhoffius
914 917 1008 961 corn:
1029 893 1113 981 πίση

98 997 135 1063 έν
161 997 314 1080 πέπλοις,
347 1022 445 1083 quam
478 1001 648 1085 archetypi
681 1002 854 1066 lectionem
886 1001 987 1067 fuisse
1020 1003 1115 1067 docet

98 1105 165 1170 soh.
184 1107 214 1169 A
239 1106 346 1170 verbis
370 1104 454 1190 πίση
479 1107 515 1171 έν
537 1118 607 1184 τοῖς
629 1105 775 1184 πέπλοις.

164 1211 239 1279 soh.
263 1211 297 1278 ul
326 1209 394 1276 138
428 1209 481 1277 έπὶ
513 1215 551 1278 τὸ
582 1220 734 1297 πενθεῖν,
767 1213 989 1279 Kirchhoffius
1021 1237 1114 1281 corat

97 1316 150 1384 ἐπὶ
172 1319 217 1406 τῷ
241 1325 393 1402 πενθεῖν,
417 1321 501 1404 quod
521 1326 558 1385 ut
581 1321 615 1385 in
638 1320 677 1399 A,
701 1322 749 1385 ita
771 1322 805 1385 in
830 1321 950 1386 arohel.
973 1321 1045 1386 fuit.

164 1423 382 1492 scholula
407 1425 614 1511 συνέκρουον
640 1429 763 1510 ἄλλοις,
788 1429 831 1513 gl.
849 1427 889 1513 V,
913 1428 980 1494 sch.
999 1427 1039 1514 A,
1064 1452 1115 1493 ar-

96 1532 192 1597 chei:
225 1532 432 1614 συνέκρουον
464 1532 636 1618 ἀλληλοις,
670 1536 755 1619 quod
782 1535 916 1600 Kirchh.
939 1536 973 1600 in
1002 1535 1037 1599 M
1066 1559 1114 1600 re·

97 1640 214 1704 stituil.

164 1747 217 1811 Ad
249 1747 330 1813 haec
362 1748 510 1832 exempla
543 1771 582 1812 ea
610 1748 781 1831 accedunt,
813 1770 895 1833 quae
920 1769 1114 1813 consensum

98 1853 297 1919 scholiorum
317 1853 425 1918 AMV
444 1854 606 1918 exhibent.
648 1852 815 1918 Nonnulla
834 1856 945 1918 lamen
964 1854 1011 1918 iia
1030 1877 1115 1920 oom-

97 1963 215 2044 parala
238 1964 327 2045 sunt,
356 1967 393 2025 ut
417 1961 604 2044 arbitrium,
632 1982 695 2045 quo
720 1960 920 2045 Byzantinus
944 1962 1115 2046 archetypi

97 2067 232 2132 scholiis
260 2089 338 2132 usus
362 2068 420 2150 sil,
449 2089 636 2153 cognoscas.
690 2069 796 2152 Atque
829 2089 868 2132 ea
898 2069 967 2132 sola
994 2068 1114 2134 adfero.

97 2173 252 2258 Legimus
282 2175 315 2238 in
344 2172 413 2239 MV
432 2173 507 2240 v.4
537 2176 619 2240 κατὰ
641 2177 752 2260 τιμὴν,
780 2177 813 2238 in
837 2172 868 2240 A
900 2174 944 2251 ὡς
971 2176 1113 2260 πρεσβύ-

94 2302 153 2357 τας
184 2278 240 2346 καὶ
257 2279 426 2374 ,ἐντίμους
458 2283 571 2365 ὄντας,
609 2292 708 2348 τοῦτο
740 2282 804 2365 γὰρ
838 2283 935 2365 δηλολ
963 2283 1001 2346 τὸ
1029 2283 1111 2346 κοιτδι

96 2389 284 2473 πρεσβείαν.
549 2390 551 2394 '

162 2493 233 2561 MV
250 2512 284 2562 v.
304 2492 350 2559 88
375 2493 544 2583 ἀνδρεῖος,
575 2496 713 2578 δόκησιν
741 2492 816 2579 περὶ
845 2492 965 2559 ἑαυτοῦ
995 2495 1114 2578 (αὑτοῦ

95 2600 141 2688 V)
166 2604 252 2686 ἔχων
279 2602 438 2687 μεγάλην,
462 2599 492 2666 A
522 2603 613 2680 οὔτις
641 2599 678 2667 δὲ
707 2603 843 2686 δόκιμος
869 2603 943 2686 ἤτοι
974 2613 1113 2688 φρονῶν

97 2707 203 2798 ἑαυτῷ
227 2707 282 2774 καὶ
303 2710 412 2774 δοκῶν
431 2706 486 2773 κοιλ
507 2715 644 2794 θαρρῶν
666 2708 718 2794 (ex
736 2731 798 2774 usu
815 2708 1007 2794 posterioris
1026 2715 1113 2776 aeha-

95 2817 137 2880 tis
162 2813 383 2903 scriptorum).

163 2921 233 2989 MV
253 2921 322 2987 23?
347 2925 379 2988 εί
400 2927 612 3009 ληφθείησαν
636 2925 674 2989 οιί
689 2921 842 3009 Ἀθῆναι,
865 2921 949 2990 inA
970 2927 1113 3010 amplius

97 3030 245 3096 scholion
268 3031 342 3095 inde
367 3032 593 3115 compositum.

162 3136 198 3203 ll
218 3134 287 3202 327
312 3135 376 3202 ἀπὸ
397 3141 534 3220 πόλεως,
553 3136 583 3202 V
603 3137 620 3203 ὁ
640 3137 704 3203 ἀπὸ
723 3141 851 3216 πόλεως
869 3139 1007 3225 Λέρνης
1026 3135 1114 3224 (pro-

94 3244 180 3311 fecto
213 3245 395 3310 accuratius
430 3249 463 3309 el
494 3243 641 3333 melius),
686 3243 717 3311 A
758 3246 795 3311 τὸ
832 3243 928 3328 γένος
965 3245 1013 3308 ῶν
1046 3243 1109 3308 ἀπὸ

94 3352 233 3439 Λύρνης
256 3360 313 3435 τῆς
336 3352 445 3435 χώρας
467 3348 676 3437 (perperam).

163 3457 233 3525 liv
255 3455 325 3524 478
357 3457 410 3524 ἐπὶ
443 3462 592 3543 Δαρείου
625 3458 693 3546 (ἐπὶ
719 3468 780 3525 τοῦ
809 3457 1047 3543 Λαρείουλῖ),
1078 3453 1110 3522 A

98 3564 159 3644 οὓς
182 3569 329 3652 Δαρεῖος
351 3570 536 3650 πολεμῆσαι
557 3577 627 3645 τοῖς
646 3563 844 3652 Ἀθηναίοις
867 3563 1059 3629 ἀπέστειλε.

940 3665 980 3722 (3¹⁵
