2430 3856
82 181 131 230 LX
399 178 609 230 ADNOTATIO
630 177 782 231 CRITICA.

84 339 120 411 τῷ
149 337 227 409 λάρῳ
250 353 266 390 e
289 336 383 391 verbis
406 335 551 406 τροπωτὴρ
575 333 607 390 δέ
632 334 647 390 ὐ
672 339 772 405 λῶρος,
800 332 841 390 δι’
862 330 896 390 οὐ
920 336 1104 406 δεσμεύονται

83 409 206 478 repetita
224 409 297 461 nunt.

18 540 22 548 ¹
156 479 213 534 auh.
229 485 280 533 191
304 478 432 533 λέπαδνα
450 476 482 533 δέ
501 480 604 548 κυρίως
627 475 657 533 οἱ
674 477 739 547 περὶ
757 476 792 531 τά
811 477 903 547 στήθη
926 486 981 532 τῶν
1000 479 1073 544 ύποζ
1089 512 1104 521 -

83 551 153 621 γίων
172 548 285 620 λμάντες
303 549 329 603 V
346 567 397 619 pro
417 547 545 604 λέπαδνα
564 547 595 604 δέ
615 551 719 616 κυρίως
737 546 767 603 οἱ
784 549 848 618 περὶ
867 548 902 603 τά
921 547 1014 619 στήθη
1033 554 1104 604 πλα-

83 628 140 685 τεῖς
166 619 288 693 ἷμάντες,
314 618 355 684 οἷς
380 621 607 689 ἀναδεσμοῦνται
633 619 663 675 ολ
685 618 818 690 τράχηλοι
841 628 897 674 τῶν
920 622 1014 675 ἵππων
1033 623 1104 691 πρὸς

84 693 134 749 τὸν
154 691 246 763 ζυγόν.
284 687 493 762 έτυμολονεῖται
512 689 543 746 δέ
562 692 619 746 ἀπὸ
638 701 688 746 τοῦ
708 689 782 746 λέπω
801 690 831 746 τὸ
850 693 960 760 λεπίζω,
979 690 1103 748 λέπανον

85 764 134 819 καλ
153 763 303 819 λέπαδνον.
340 761 415 826 τινές
433 761 464 817 δέ
485 761 612 817 λέπαδνα
630 765 696 826 τοὺς
714 762 938 832 μασχαλιστῆράς
956 782 1035 833 φασι.

157 836 228 890 Tum
247 835 416 889 omittuntur
439 833 656 903 explicationes,
679 831 758 888 velut
781 851 831 888 eae
854 850 927 902 quae
951 836 987 889 ab
1011 833 1104 890 ἰστέον

86 904 117 962 δέ
140 905 280 975 incipiunt
303 905 361 959 soh.
378 912 436 960 179.
452 911 513 960 oet.
529 911 589 960 636.
610 937 642 946 -
663 905 816 974 Praecipue
841 905 933 959 altera
956 922 971 960 e
995 907 1104 960 duabus

85 978 131 1032 vel
149 994 206 1031 nna
226 994 240 1031 e
258 975 387 1046 pluribus
413 975 695 1046 interpretationibus
713 976 888 1044 neglegitur,
912 980 945 1030 ut
963 993 1012 1032 eae
1031 994 1104 1046 quae

86 1050 121 1103 ab
147 1047 235 1110 άλλως
259 1046 399 1117 incipiunt
425 1048 482 1101 soh.
498 1053 540 1102 64.
566 1053 625 1102 135.
648 1052 708 1102 207.
729 1051 788 1102 500.
809 1052 869 1103 804.
891 1054 968 1104 1057.
1011 1049 1106 1103 Verba

85 1117 350 1258 MVMVH
375 1115 764 1252 ⁵⁰bt2⁰t⁰tff³that
784 1116 950 1244 ἕλξωλλλέ·
977 1119 1033 1246 :a
1051 1126 1104 1246 311

134 1233 141 1246 .
330 1233 336 1245 .
614 1233 620 1245 .
692 1232 698 1244 .
832 1231 837 1242 .
947 1231 955 1260 ,
1029 1234 1035 1246 .

87 1279 140 1319 om.
159 1261 189 1316 P.

157 1330 398 1400 Frequentissima
422 1333 517 1384 autem
542 1347 576 1385 ea
595 1334 639 1386 est
661 1330 779 1386 lieentia
797 1329 990 1398 librariorum,
1013 1349 1104 1400 quae

87 1404 261 1485 singulorum
280 1405 383 1472 poetae
399 1401 600 1457 vocabulorum
613 1401 874 1472 interpretamentis
887 1420 975 1456 unum
989 1407 1033 1458 vel
1049 1405 1104 1460 duo

88 1476 333 1602 su-ppilfinsuoliis121
350 1544 388 1614 μή
402 1542 540 1612 πύθηται,
555 1546 634 1613 φησί,
653 1543 702 1598 καὶ
721 1543 802 1616 μάθῃ
816 1545 866 1600 καὶ
880 1545 987 1618 ἀκούσῃ
1002 1547 1036 1615 V,
1055 1547 1105 1602 καλ

87 1616 168 1688 μάθῃ
187 1615 273 1685 vulgo
293 1632 358 1683 om.‚
376 1614 426 1670 καὶ
444 1615 552 1686 ἀκούσῃ
571 1632 625 1670 om.
644 1615 697 1672 Dd.

157 1689 215 1743 soh.
230 1692 282 1742 218
308 1685 388 1742 αὐτοῦ
412 1684 443 1741 δέ
469 1686 518 1741 καλ
541 1685 616 1755 ζήτει
639 1687 688 1742 καλ
710 1686 869 1759 παρακάλει
891 1689 977 1758 vulgo
996 1689 1048 1744 Dd.
1068 1689 1104 1760 H,

87 1760 136 1816 aut
156 1759 229 1828 ζήτει
248 1758 297 1813 καὶ
314 1757 474 1830 παρακάλει
493 1776 546 1813 om.
566 1759 599 1814 V.

159 1830 216 1886 seh.
232 1835 283 1886 277
303 1829 448 1901 πρόχωρος
466 1829 516 1884 καλ
533 1830 639 1893 πλατύς
653 1829 702 1884 καὶ
717 1830 873 1901 εὐρύχωρος
887 1831 949 1900 ΡΗ,
968 1831 1017 1886 καὶ
1034 1836 1106 1886 πλα-

86 1905 135 1966 τύς
154 1919 209 1957 σοι.
223 1900 258 1968 V,
277 1901 327 1955 καλ
346 1902 502 1972 εὐρύχωρος
521 1919 575 1956 om.
595 1901 626 1956 Ο.

161 1973 219 2027 soh.
235 1977 269 2026 94
284 1971 415 2026 ἀνάσσων
429 1971 478 2025 καλ
493 1979 605 2041 κρατῶν
622 1972 708 2041 iulgo
719 1973 784 2039 VH,
799 1972 849 2026 καλ
862 1981 973 2041 κρατῶν
987 1990 1040 2028 om.
1051 1973 1104 2028 Dd.

161 2042 219 2098 soh.
234 2047 286 2096 574
311 2051 384 2097 τεῖνε
408 2039 440 2096 δέ
464 2041 513 2096 καλ
537 2037 658 2108 έξάπλου
681 2042 734 2097 Dd.
759 2044 785 2096 V
813 2042 855 2113 (δέ
881 2061 935 2099 om.
954 2044 1028 2114 Dd.),
1056 2045 1106 2099 καὶ

88 2112 211 2182 έξάπλου
229 2113 316 2181 vulgo
336 2130 390 2167 om.

157 2183 217 2309 zeh.
234 2190 285 2238 ⁶79
305 2183 440 2238 ἀναύδων
463 2181 512 2237 καὶ
531 2183 655 2252 ἀφώνων
680 2184 765 2255 vulgo
783 2183 835 2240 Dd.
855 2185 890 2254 H,
915 2186 964 2241 καὶ
982 2188 1106 2257 ἀφώνων

88 2275 142 2313 om.
185 2295 191 2307 .

160 2326 219 2381 seh.
236 2330 288 2380 110
306 2323 525 2396 πολιαινομένής
543 2345 572 2380 τε
592 2325 641 2380 καὶ
660 2325 879 2397 λευκαινομένής
892 2328 945 2385 Dd.
956 2330 990 2400 V,
1008 2350 1038 2386 τε
1057 2330 1108 2385 καλ

89 2394 308 2468 λευκαινομένής
325 2396 410 2467 vulgo
429 2415 483 2452 om.

162 2469 220 2524 ach.
236 2475 287 2524 401
303 2467 463 2539 ταχυτάτως
477 2468 527 2523 καὶ
544 2468 696 2538 εὐκινήτως
709 2470 743 2537 V,
757 2469 806 2524 aui
821 2471 973 2540 εὐκινήτως
986 2489 1040 2528 om.
1056 2471 1108 2526 ΟΡ

89 2542 136 2613 (of.
156 2541 195 2612 gl.
214 2541 244 2595 M
258 2545 291 2596 97
312 2539 481 2608 εὐκινήτσυ).
587 2576 590 2580 -

158 2612 243 2666 Haud
265 2629 329 2666 raro
351 2629 420 2666 vera
442 2611 541 2680 lectio,
564 2628 628 2666 oum
651 2611 724 2666 illud
742 2613 874 2668 mendum
893 2613 923 2666 in
946 2613 1009 2667 aliis
1030 2613 1106 2667 oodi-

89 2685 170 2741 oibus
190 2682 275 2737 aliter
292 2683 399 2736 factum
419 2682 469 2752 sit,
494 2699 509 2737 e
528 2682 685 2738 coniunctis
703 2683 840 2739 librorum
858 2683 1027 2740 lectionibus
1047 2685 1106 2739 effi-

89 2756 170 2810 citur.

161 2826 211 2880 soh
235 2829 286 2878 261
306 2823 440 2892 seriptum
460 2825 504 2877 eat
528 2823 664 2892 δακρύετε
686 2824 735 2878 καλ
754 2824 889 2896 βρέχεσθε
908 2820 939 2879 έν
958 2823 1107 2892 δάκρυσιν,

90 2892 111 2952 ὦ
130 2893 249 2966 Πέρσαι,
268 2894 400 2956 κλύοντες
414 2935 438 2949 ..
455 2894 509 2948 Sed
528 2893 665 2962 δακρύετε
683 2894 733 2949 καλ
751 2912 805 2949 om.
823 2895 890 2960 VH,
914 2895 990 2962 quod
1010 2896 1104 2948 deten-

89 2969 167 3022 ditur
190 2965 248 3020 ach.
262 2964 293 3018 M
312 2967 341 3019 et
363 2963 401 3034 gl.
417 2965 454 3031 V3
482 2965 531 3019 καλ
555 2963 690 3037 βρέχεσθε
714 2960 746 3020 έν
769 2964 919 3033 δάκρυσιν,
947 2960 1106 3036 ὦΠέρσαι,

90 3057 144 3096 om.
162 3037 248 3106 vulgo
267 3039 297 3090 et
315 3053 360 3106 ap.
379 3035 441 3102 Dd.,
462 3038 537 3103 quod
556 3036 716 3090 defenditur
734 3036 772 3105 gl.
791 3034 885 3091 VHG.

159 3109 216 3164 soh.
232 3113 284 3162 507
304 3109 382 3161 extat
406 3109 487 3176 διῆκε
506 3105 555 3161 καὶ
574 3109 674 3176 διῆλθε
698 3107 747 3163 τὸν
765 3108 893 3178 ποταμὸν
912 3107 997 3180 μέσον
1016 3108 1105 3179 ἤγουν

89 3185 216 3238 διελθεῖν
235 3179 284 3234 καὶ
303 3176 401 3251 ῥεῦσαι
419 3177 470 3234 καὶ
487 3182 611 3248 λυθῆναι
630 3178 662 3233 τὸ
680 3179 806 3249 πεπηγὸς
822 3175 943 3250 ἐποίησε.
982 3181 1037 3235 sed
1056 3181 1106 3236 καὶ

90 3257 191 3322 διῆλθε
220 3269 275 3306 om.
301 3254 386 3322 vulgo
409 3251 461 3307 Dd.
488 3251 667 3333 improbante
692 3251 729 3319 gl.
755 3249 875 3319 VBGL,
904 3254 1031 3308 διελθεῖν
1055 3254 1106 3308 καὶ

90 3322 188 3396 §about
205 3322 255 3378 καλ
274 3341 328 3379 om.
344 3323 400 3377 VH
418 3321 603 3377 disoent1ente
622 3321 680 3377 soh.
699 3321 737 3376 M.

160 3396 219 3450 auh.
235 3402 287 3451 aba
311 3395 326 3451 δ
346 3389 450 3464 ἑτέροις
465 3435 489 3449 ..
504 3393 593 3463 ἀλκήν
615 3392 665 3448 καὶ
688 3391 828 3466 βοήθειαν
851 3393 900 3448 καὶ
922 3396 1005 3464 νίκην
1029 3396 1105 3460 δούς.

88 3464 144 3522 Ubi
161 3466 251 3521 verba
269 3466 318 3522 καὶ
336 3468 420 3535 νίκην
444 3465 504 3519 εοΙο
522 3464 553 3519 in
572 3465 596 3519 V
614 3464 802 3521 inveniuntur.
840 3463 918 3530 Quae
936 3469 1108 3538 respondent

87 3538 128 3610 gl.
147 3536 177 3592 M
195 3535 322 3595 τουτέστι
340 3535 502 3608 νικηφόρος.
