2430 3856
84 171 172 220 LXIV
404 170 613 223 ADNOTATIO
635 170 786 223 ORITICA.

157 328 220 383 Sch.
235 334 269 384 99
288 327 318 381 in
333 328 359 382 V
373 330 456 384 sonat
476 329 528 383 sic:
549 325 731 401 Ἀρτεμβάρης
754 327 769 382 ό
792 327 842 383 διὰ
864 336 919 382 τῶν
947 329 1041 382 ἵππων
1061 325 1102 392 είς

85 399 137 467 τὴν
162 398 255 470 μόχην
273 399 476 471 πορευόμενος,
498 396 560 456 ἐπεὶ
579 397 609 455 oi
623 399 771 470 Αίχόπτιοι
793 400 848 454 ὑπὸ
871 399 923 468 τὴν
947 406 1027 469 χεῖρα
1045 408 1102 455 τῶν

86 473 204 541 Περσῶν
222 469 284 533 τότε
303 465 376 540 ἦσαν
394 489 445 540 pro
465 470 480 525 ό
499 471 549 526 διὰ
566 480 622 526 τῶν
641 472 734 526 ἵππων
754 469 794 534 είς
809 470 861 541 τὴν
876 469 968 541 μάχην
982 471 1102 538 πορευό-

85 561 176 612 μενος.
214 544 307 597 Verba
330 543 361 596 in
384 543 409 596 V
433 542 532 597 addita
555 542 722 596 stultissime
745 543 914 612 deprompta
939 546 1005 596 sunt
1028 559 1100 611 esq.

88 617 155 684 sch,
173 614 223 668 ubi
241 614 347 684 legitur
364 615 522 685 ὑποχείριοι
540 613 593 684 γὰρ
608 607 680 682 ἦσαν
694 616 811 683 Περσῶν
825 611 887 668 τότε
905 611 935 667 οἱ
946 610 1101 682 Αίχόπτιοι.

86 686 145 740 Ηοο
179 689 273 740 autern
306 684 363 740 sch.
393 685 484 739 solum
515 686 684 739 adiectivum
719 683 908 754 ἱππιοχάρμης
935 684 1101 753 explicatur.

159 757 221 811 Sch.
238 764 272 811 50
285 757 372 811 verba
390 755 462 811 οὕτω
481 755 530 810 καὶ
543 757 645 810 Λυδοί·
665 755 751 811 εἰπὼν
770 755 823 826 χόιρ
843 757 966 818 *πολλοῖς
984 754 1100 826 ἅρμασί

88 828 153 890 τοὺς
171 827 283 890 Λυδοὺς
301 823 440 894 ἐδήλωσεν
457 828 556 897 inepta
574 829 647 893 sunt,
666 845 728 882 cum
748 827 783 881 de
801 827 886 895 Lydis
909 843 1000 894 neque
1025 825 1102 896 apud

86 902 200 969 poetam
220 915 311 953 sermo
331 900 369 953 sit
387 916 477 968 neque
496 901 523 954 h.
538 898 595 953 sch.
615 914 706 952 sermo
726 914 786 953 esse
806 898 917 952 debeat.

159 969 229 1024 ach:
238 976 289 1024 125
304 970 456 1039 genuinum
471 969 598 1024 scholion
609 968 721 1024 brevius
730 968 869 1039 repetitur
878 967 984 1023 additis
994 967 1103 1022 verbis:

87 1041 186 1103 ἄλλως·
214 1039 314 1095 ἀπόιον
342 1049 445 1110 φωνῶν
472 1038 491 1109 ἢ
517 1040 549 1096 τὸ
575 1039 675 1095 ἀπύων
703 1039 766 1095 ἀντὶ
790 1049 839 1095 τοῦ
866 1040 968 1094 ἀπύσει
992 1037 1102 1105 ἔξωθεν

88 1109 288 1182 προσληπτέον.

158 1183 285 1252 Denique
305 1185 362 1238 sch.
378 1189 412 1237 48
431 1183 459 1236 in
479 1182 594 1250 Vitem,
615 1185 647 1236 ut
661 1182 691 1236 in
707 1182 767 1238 cod.
784 1181 816 1248 Q,
830 1181 1033 1252 interpolatum
1049 1184 1099 1236 est.

158 1254 311 1323 Postquam
331 1254 365 1308 de
385 1253 598 1322 mutationibus,
622 1271 694 1322 quae
714 1257 764 1307 aut
782 1253 893 1308 librarii
912 1253 1030 1309 arbitrio
1051 1253 1101 1308 aut

87 1324 299 1395 interpolatoris
324 1326 408 1394 culpa
430 1325 459 1379 in
479 1325 588 1380 scholia
610 1325 766 1393 Byzantina
787 1325 885 1379 illatae
909 1329 986 1392 sunt,
1010 1325 1101 1379 fusius

87 1397 220 1465 diximus,
249 1399 403 1451 extremum
432 1399 487 1463 cst,
515 1400 548 1451 ut
571 1397 606 1451 de
629 1396 794 1450 mendorum
823 1412 925 1466 genere
953 1397 1103 1465 loquamur

88 1471 133 1522 cui
152 1469 281 1536 quamvis
300 1468 383 1522 inviti
402 1467 629 1536 frequentissime
649 1467 757 1522 scribae
776 1467 960 1534 indulserunt,
984 1469 1019 1523 de
1038 1483 1102 1524 con-

75 1539 152 1594 =fusa
171 1538 281 1594 scilieet
295 1538 481 1594 collocatione
496 1541 652 1594 verborum.
682 1539 810 1609 Longum
826 1542 920 1594 autern
934 1543 978 1593 est
992 1539 1103 1593 minora

85 1613 157 1666 vitia
184 1627 360 1678 enumerare,
393 1627 464 1678 quae
491 1611 549 1664 fere
577 1610 607 1664 in
635 1627 745 1679 quoque
779 1611 885 1666 scholio
912 1610 1100 1680 reperiuntur;

87 1682 239 1738 transimus
257 1681 346 1751 igitur
363 1680 429 1736 ilico
448 1681 484 1736 ad
503 1682 641 1750 graviora.

158 1755 190 1808 Iu
209 1753 234 1807 V
254 1753 312 1808 sch.
333 1759 365 1807 16
384 1755 414 1807 in
434 1755 491 1808 seh.
513 1760 558 1821 13,
576 1755 664 1808 verba
680 1751 782 1806 scholii
802 1758 866 1807 150:
887 1751 917 1808 οί
928 1750 979 1823 μὲν
993 1751 1103 1823 Πέρσαι

87 1825 207 1892 τοξόται,
227 1823 257 1880 οἷ
269 1823 297 1879 δ’
315 1821 460 1894 Ἀθηναῖοι
476 1822 647 1895 λογχοφόροι
660 1825 689 1878 in
705 1824 762 1879 sch.
777 1830 828 1878 148
842 1824 1015 1894 transposita
1030 1828 1102 1893 sunt,

90 1898 147 1953 sch.
166 1903 218 1951 259
238 1897 268 1949 in
286 1898 343 1952 sch.
364 1902 415 1951 260
433 1898 569 1950 insertum
588 1896 696 1950 habent
709 1894 735 1948 V
755 1897 784 1949 et
802 1896 836 1963 H,
856 1895 919 1950 finis
934 1895 1035 1950 scholii
1050 1905 1102 1951 866

21 2009 24 2012 -
89 1971 118 2022 et
141 1967 253 2022 initium
278 1966 378 2020 scholii
401 1973 453 2022 810
476 1969 506 2020 in
524 1967 549 2020 V
570 1966 611 2021 sie
634 1967 810 2032 coaluerunt,
839 1972 871 2021 ut
894 1984 944 2034 pro
964 1964 1102 2034 ὑπέταξεν

89 2035 150 2093 ἀλλ’
171 2039 223 2093 ota
246 2036 356 2107 ἀνόχκχ
381 2036 535 2108 ὁΔαρεῖος
557 2039 698 2108 legamusr
726 2035 787 2092 ἀλλ’
809 2038 860 2091 ota
884 2036 921 2091 ἄν
945 2036 999 2092 είσι
1022 2046 1103 2108 νῆσοι

89 2109 149 2164 οἷαι
172 2107 327 2178 στρυμόνου
350 2108 495 2179 πελόχους.
516 2141 549 2150 -
580 2109 642 2164 Seh.
662 2115 714 2164 469
738 2108 824 2162 verba
846 2107 877 2162 τό
902 2105 934 2162 cll
959 2110 1046 2179 εόαχῆ
1069 2143 1102 2150 -

217 2176 380 2320 aaa
393 2177 1102 2318 ers-turseratserpitur·

89 2285 121 2293 -
201 2295 206 2306 ¹
358 2273 368 2305 s
616 2273 631 2305 τ
1068 2283 1101 2291 -

90 2322 126 2386 ὥς
145 2340 232 2392 φησιν
245 2319 366 2392 Ὅμηρος
383 2325 476 2392 priore
494 2323 570 2390 loco,
593 2324 654 2375 tum
672 2319 690 2388 ἢ
710 2319 808 2383 οὕτως·
833 2321 875 2382 τίς
893 2320 908 2374 ὁ
928 2305 1049 2386 ὀζόπους
1069 2354 1101 2363 -

89 2394 249 2462 δυνήσεται.
297 2394 352 2448 Sed
376 2412 420 2463 ap.
443 2395 497 2450 Dd.
520 2393 608 2448 habes
632 2391 709 2461 prius
732 2393 773 2453 τίς
796 2390 810 2443 ό
839 2391 957 2456 όξόνους
983 2393 1045 2461 (sio)
1069 2425 1103 2432 -

90 2467 255 2534 δυνήσεται,
278 2466 338 2519 tum
362 2462 380 2533 ἢ
404 2464 503 2529 οὕτως·
532 2467 573 2528 τίς
596 2459 647 2518 οόν
671 2461 685 2516 ὁ
710 2457 741 2517 όν
764 2463 909 2535 ταχυτάτφ
927 2463 995 2517 ποδί
1017 2495 1045 2503 -
1068 2462 1104 2527 όός

91 2555 179 2606 φησιν
191 2535 319 2608 Ὅμηρος.
339 2536 414 2590 lllud
424 2537 561 2606 praefero,
571 2551 633 2589 cum
644 2533 734 2602 magis
745 2543 963 2589 consentaneum
973 2533 1106 2589 videatur

89 2610 270 2663 scholiastam
293 2608 386 2678 priore
404 2608 468 2663 loco
487 2623 548 2661 eam
568 2605 830 2674 interpretationem
849 2605 1006 2675 scripsisse,
1030 2623 1103 2674 quae

93 2681 268 2750 singulorum
295 2682 397 2749 poetae
432 2678 633 2734 vocabulorum
669 2677 922 2747 interpretamenta
958 2678 1106 2749 complexa

90 2752 206 2822 propius
222 2751 259 2805 ad
273 2751 385 2806 fabulae
399 2752 509 2804 textum
523 2747 679 2815 accederet,
698 2749 853 2817 posteriore
868 2766 939 2818 earn,
959 2767 1030 2818 quae
1048 2767 1104 2803 non

91 2822 146 2877 nisi
166 2840 278 2877 sensam
296 2823 459 2891 explicaret.
497 2820 646 2874 Praeterea
663 2821 749 2874 verba
767 2817 785 2887 ἢ
801 2818 899 2884 οὕτως·
925 2825 981 2877 ιιτλ,
1000 2820 1056 2875 nisi
1074 2821 1104 2875 in

90 2894 145 2947 fine
170 2893 274 2964 scripta
292 2892 425 2961 fuissent,
444 2890 492 2946 vix
510 2892 539 2944 in
558 2890 584 2943 H
603 2891 707 2944 omissa
730 2894 831 2945 essent.
852 2923 884 2932 -
906 2891 1042 2946 Similiter
1060 2909 1105 2946 res

91 2982 120 3019 sc
139 2965 227 3020 habet
245 2964 302 3019 sch.
324 2970 389 3032 133,
414 2962 465 3016 ubi
487 2962 517 3016 in
536 2961 562 3016 V
580 2961 630 3016 τὸν
649 2963 852 3033 ἀμφίζευκτονε
880 2963 929 3018 τόν
953 2962 1106 3034 ζευχνόντα

91 3068 125 3077 -
145 3036 160 3090 ό
185 3033 304 3106 Ξέρξης·
333 3034 433 3098 ἄλλως·
462 3029 618 3126 ἐξαμείψας
637 3064 669 3074 -
688 3041 738 3102 τῆς
757 3031 845 3098 Ἀσίας
871 3052 923 3105 pro
946 3035 995 3090 τὸν
1018 3035 1107 3103 ἀμφί-

90 3110 217 3174 ζευκτονι
243 3105 397 3176 ἐξαμείψας
407 3113 500 3174 -τῆς
513 3107 605 3168 Ασίας.
635 3105 825 3175 ἀμφίζευκτον
841 3106 873 3161 ol
887 3107 936 3161 τόν
952 3105 1104 3175 ζευχνόντα

91 3209 125 3220 -
145 3179 160 3233 ὁ
180 3177 296 3248 Ξέρξης.
332 3176 388 3231 Ubi
415 3178 484 3232 item
508 3176 602 3247 priore
625 3176 688 3231 loco
718 3178 853 3247 scriptam
901 3181 950 3231 uto
974 3192 1036 3230 cam
1061 3191 1105 3229 ex-

93 3249 277 3332 plicationem
295 3264 368 3317 quae
386 3249 479 3320 magis
498 3250 591 3319 ipsum
604 3249 713 3304 textum
728 3251 847 3318 spectat.
875 3197 964 3313 ignaru
980 3246 1107 3315 sequitur

90 3319 287 3392 interpretatio
306 3321 383 3375 vocis
402 3321 592 3392 ἀμφίζευκτον
610 3319 770 3390 peculiaris.
799 3319 851 3387 (Cf.
870 3319 928 3374 sch.
949 3325 982 3373 ’19
1001 3317 1051 3371 ubi
1074 3319 1106 3373 τὸ

80 3390 123 3447 ,δὲ
143 3390 317 3463 χρυσονόμου
336 3395 406 3461 κτλ,
433 3393 491 3448 sch.
513 3398 563 3447 125
586 3392 636 3447 ubi
658 3392 689 3447 τό
714 3390 745 3447 ot
764 3391 863 3447 απόον
882 3393 953 3458 κτλ,
977 3391 1034 3443 sch.
1056 3396 1105 3443 191

91 3461 141 3517 ubi
164 3461 292 3520 λέπαδνα
314 3463 346 3520 ol
370 3468 426 3520 κτλ.
447 3465 547 3520 eodem
570 3463 654 3519 modo
678 3462 863 3534 paraphrasin
885 3463 1027 3529 secuntur,
1052 3479 1107 3530 quo

90 3531 138 3587 hio
157 3535 347 3606 ἀμφίζευκτον
366 3533 418 3607 al.)
438 3569 470 3578 -
491 3536 554 3592 Sch.
576 3541 609 3590 16
627 3535 715 3590 verba
732 3532 789 3589 ἔστι
807 3531 839 3588 δὲ
858 3533 1009 3588 retroire
1028 3531 1108 3596 πόλις
