2430 3856
478 196 518 245 IN
536 195 567 246 V.
588 157 738 248 631-641.

97 360 162 424 631
189 353 215 422 ὦ
240 361 317 442 post
340 354 413 421 ἀλλ’
434 357 468 421 in
489 362 581 421 textu

98 464 139 529 V.
176 502 213 511 -
249 466 312 547 Γῆ]
347 461 433 546 λέγω
461 461 501 527 V.
541 499 579 508 -

96 573 165 637 632
184 569 239 636 καὶ
259 567 284 636 ὧ
304 571 470 635 Πλούτων
484 569 523 634 V.
542 607 579 615 -

96 688 166 742 τῶν
189 687 318 762 νεκρῶν
334 677 373 741 V.
403 687 531 763 νεκρῶν
546 675 582 740 B.

96 795 167 849 τῶν
199 785 287 849 κοίτω
318 793 448 865 νεκρῶν
475 782 510 848 L.
542 819 579 830 -

97 891 165 957 633
181 889 245 956 ἀπὸ
260 890 339 975 (ὑπὸ
351 887 394 976 Β)
412 901 480 955 τῶν
494 889 582 953 κάτω

98 996 202 1062 BGL.
244 1035 280 1044 —
325 997 388 1080 τὴν
431 1000 583 1082 Δαρείου

99 1115 175 1169 ante
211 1105 323 1189 ψυχὴν
356 1105 390 1168 in
423 1108 515 1169 textu
543 1102 584 1167 V.

97 1213 161 1294 τὴν
184 1220 244 1277 τοῦ
262 1213 415 1295 Δαρείου
430 1209 500 1277 BL.
522 1219 584 1275 τοῦ

98 1321 249 1404 Δαρείου
268 1318 306 1384 G.
326 1355 367 1364 -
393 1318 459 1382 634
482 1317 583 1401 θερά-

98 1448 209 1508 πευμα
233 1424 272 1490 V.
308 1462 346 1472 -
386 1424 404 1490 ὁ
440 1430 584 1508 Δαρεῖος

101 1533 259 1615 δηλονότι
285 1531 323 1599 V.
355 1569 397 1578 —
433 1530 489 1596 καὶ
512 1530 584 1596 ἐπέ-

98 1661 194 1702 κεινα
225 1639 361 1704 πάντων
385 1638 426 1703 V.
453 1676 490 1685 -
518 1638 583 1704 635

99 1748 252 1829 θνητῶν]
277 1745 341 1812 ἀπὸ
360 1746 400 1813 V.
427 1782 464 1792 -
491 1744 585 1823 τέλος

100 1851 140 1916 V·
164 1888 209 1898 .-

99 1959 166 2023 636
190 1953 254 2043 ἆρα
265 1958 360 2023 VGL
381 1957 460 2046 (ἄρα
475 1958 525 2047 L).
541 1997 582 2007 -

99 2065 215 2130 ἀκούει
239 2065 344 2131 VGL.
375 2104 413 2113 —
447 2070 584 2151 μακαρί-

100 2175 171 2254 τας]
185 2195 206 2255 η
222 2194 318 2257 super
333 2175 509 2258 compend„
520 2197 584 2259 quo

101 2304 141 2356 ας
164 2281 235 2364 syll.
261 2280 382 2364 scripta
406 2287 456 2345 est
477 2280 516 2348 V.
543 2319 584 2329 -

100 2387 166 2452 637
191 2385 354 2463 *ἰσόθεος
376 2385 517 2453 VBGL.
542 2424 583 2434 -

100 2493 167 2559 638
187 2501 278 2577 σαφῆ
298 2492 337 2558 V.
357 2530 401 2539 —-
421 2495 485 2559 639
503 2493 586 2580 ἐμοῦ

101 2601 259 2682 δηλονότι
290 2599 330 2664 V.
398 2600 587 2684 πέμποντος

102 2704 206 2772 BGL.
233 2743 271 2752 -
302 2709 456 2772 σκοτεινὰ
478 2707 518 2773 V.
545 2710 586 2775 τὰ

100 2816 235 2878 ποικίλα
263 2821 309 2901 τῷ
338 2815 456 2902 θρήνῳ
482 2813 585 2879 BGL.

105 2958 142 2967 ·-
171 2921 236 2987 640
250 2922 427 3006 κακόφημα
443 2920 482 2986 V.
506 2922 586 2986 δύσ-

101 3051 197 3110 φημα
222 3026 292 3092 GL.
331 3064 368 3072 —-
409 3028 524 3112 φωνὰς
547 3028 586 3094 V.

102 3137 287 3219 φωνήματα
313 3133 417 3199 BGL.
449 3172 486 3182 —
521 3136 585 3201 641

103 3241 287 3323 διαβοάσω]
302 3265 323 3324 η
340 3264 437 3326 super
452 3243 508 3307 alt.
519 3241 587 3306 aV.

104 3347 217 3412 -ἄπὸ
228 3345 452 3436 τῶνκοίτῶίοῶ
461 3349 586 3434 81633)

103 3453 143 3521 V.
167 3465 235 3520 τῶν
255 3454 320 3519 ὑπὸ
336 3453 410 3539 (scr.
425 3454 489 3521 ἀπὸ
504 3453 586 3543 τῶν)

101 3563 191 3626 κοίταν
214 3572 342 3645 νεκρῶν
364 3561 400 3629 L.
421 3601 465 3610 —

638 997 702 1062 633
725 996 787 1079 τὴν
811 1000 967 1082 Δαρείου.
990 1033 1028 1044 -·

639 1959 704 2024 636
724 1960 906 2042 μακαρίτης
925 1957 942 2023 ὁ
964 1957 1121 2042 τεθνεώς,

638 2065 799 2149 μακάριος
822 2063 840 2130 ὁ
866 2068 938 2143 ζῶν.
958 2102 999 2112 -

642 2921 707 2987 640
729 2917 926 3003 θρηνητικολ.
