<?xml version="1.0" encoding="UTF-8"?>
<!DOCTYPE html PUBLIC "-//W3C//DTD XHTML 1.0 Transitional//EN"
    "http://www.w3.org/TR/xhtml1/DTD/xhtml1-transitional.dtd">
<html xmlns="http://www.w3.org/1999/xhtml" xml:lang="en" lang="en">
 <head>
  <title>
</title>
<meta http-equiv="Content-Type" content="text/html;charset=utf-8" />
  <meta name='ocr-system' content='tesseract 3.04.00' />
  <meta name='ocr-capabilities' content='ocr_page ocr_carea ocr_par ocr_line ocrx_word'/>
</head>
<body>
  <div class='ocr_page' id='page_1' title='image "./scholiainaeschy01dhgoog_0033.png"; bbox 0 0 2430 3856; ppageno 0'>
   <div class='ocr_carea' id='block_1_1' title="bbox 84 189 694 243">
    <p class='ocr_par' dir='ltr' id='par_1_1' title="bbox 84 189 694 243">
     <span class='ocr_line' id='line_1_1' title="bbox 84 189 694 243; baseline 0.005 -5"><span class='ocrx_word' id='word_1_1' title='bbox 84 189 203 238; x_wconf 87' lang='lat' dir='ltr'>XXVIII</span> <span class='ocrx_word' id='word_1_2' title='bbox 483 190 694 243; x_wconf 83' lang='lat' dir='ltr'>PRAEFATIO.</span> 
     </span>
    </p>
   </div>
   <div class='ocr_carea' id='block_1_2' title="bbox 221 347 943 542">
    <p class='ocr_par' dir='ltr' id='par_1_2' title="bbox 221 347 943 542">
     <span class='ocr_line' id='line_1_2' title="bbox 221 347 943 435; baseline 0.006 -22"><span class='ocrx_word' id='word_1_3' title='bbox 221 350 373 415; x_wconf 85' lang='grc' dir='ltr'><em>ἀλλοισιν</em></span> <span class='ocrx_word' id='word_1_4' title='bbox 398 350 435 415; x_wconf 83' lang='grc' dir='ltr'>ἐν</span> <span class='ocrx_word' id='word_1_5' title='bbox 457 361 628 434; x_wconf 78' lang='grc' dir='ltr'><em>νεκροῖσιν</em></span> <span class='ocrx_word' id='word_1_6' title='bbox 651 351 696 427; x_wconf 85' lang='grc' dir='ltr'><em>ὡς</em></span> <span class='ocrx_word' id='word_1_7' title='bbox 719 347 780 435; x_wconf 73' lang='grc' dir='ltr'>μὲν</span> <span class='ocrx_word' id='word_1_8' title='bbox 804 353 943 417; x_wconf 78' lang='grc' dir='ltr'><strong><em>ἔκτανον</em></strong></span> 
     </span>
     <span class='ocr_line' id='line_1_3' title="bbox 221 456 909 542; baseline 0.003 -20"><span class='ocrx_word' id='word_1_9' title='bbox 221 458 352 534; x_wconf 76' lang='grc' dir='ltr'><em>ὄνειδος</em></span> <span class='ocrx_word' id='word_1_10' title='bbox 375 456 412 522; x_wconf 85' lang='grc' dir='ltr'>ἐν</span> <span class='ocrx_word' id='word_1_11' title='bbox 435 463 610 542; x_wconf 77' lang='grc' dir='ltr'><em>φθιτοῖσιν</em></span> <span class='ocrx_word' id='word_1_12' title='bbox 634 457 695 522; x_wconf 87' lang='grc' dir='ltr'>οὐκ</span> <span class='ocrx_word' id='word_1_13' title='bbox 718 457 909 524; x_wconf 80' lang='grc' dir='ltr'><em>ἐκλείπεται.</em></span> 
     </span>
    </p>
   </div>
   <div class='ocr_carea' id='block_1_3' title="bbox 85 615 1103 789">
    <p class='ocr_par' dir='ltr' id='par_1_3' title="bbox 85 615 1103 789">
     <span class='ocr_line' id='line_1_4' title="bbox 153 615 1103 705; baseline 0.004 -25"><span class='ocrx_word' id='word_1_14' title='bbox 153 615 268 702; x_wconf 90' lang='lat' dir='ltr'>Itaque</span> <span class='ocrx_word' id='word_1_15' title='bbox 305 617 502 704; x_wconf 78' lang='lat' dir='ltr'><strong>glossemate</strong></span> <span class='ocrx_word' id='word_1_16' title='bbox 541 616 578 682; x_wconf 83' lang='grc' dir='ltr'>ἐν</span> <span class='ocrx_word' id='word_1_17' title='bbox 609 628 787 705; x_wconf 76' lang='grc' dir='ltr'><em>νεκροῖσιν·</em></span> <span class='ocrx_word' id='word_1_18' title='bbox 812 641 889 683; x_wconf 89' lang='lat' dir='ltr'>vera</span> <span class='ocrx_word' id='word_1_19' title='bbox 921 619 1017 684; x_wconf 86' lang='lat' dir='ltr'>lectio</span> <span class='ocrx_word' id='word_1_20' title='bbox 1052 642 1103 684; x_wconf 85' lang='lat' dir='ltr'>ex·</span> 
     </span>
     <span class='ocr_line' id='line_1_5' title="bbox 85 722 278 789; baseline 0.016 -3"><span class='ocrx_word' id='word_1_21' title='bbox 85 722 190 789; x_wconf 83' lang='lat' dir='ltr'>tincta</span> <span class='ocrx_word' id='word_1_22' title='bbox 214 722 278 789; x_wconf 72' lang='lat' dir='ltr'>estl</span> 
     </span>
    </p>
   </div>
   <div class='ocr_carea' id='block_1_4' title="bbox 88 855 1065 1107">
    <p class='ocr_par' dir='ltr' id='par_1_4' title="bbox 88 855 1065 1107">
     <span class='ocr_line' id='line_1_6' title="bbox 88 855 731 944; baseline -0.002 -19"><span class='ocrx_word' id='word_1_23' title='bbox 88 919 91 925; x_wconf 93' lang='lat'>.</span> <span class='ocrx_word' id='word_1_24' title='bbox 156 857 239 922; x_wconf 82' lang='lat' dir='ltr'>Tum</span> <span class='ocrx_word' id='word_1_25' title='bbox 262 874 295 922; x_wconf 80' lang='lat' dir='ltr'>v.</span> <span class='ocrx_word' id='word_1_26' title='bbox 322 855 391 922; x_wconf 77' lang='lat'>734</span> <span class='ocrx_word' id='word_1_27' title='bbox 414 858 448 922; x_wconf 94' lang='lat' dir='ltr'>in</span> <span class='ocrx_word' id='word_1_28' title='bbox 472 858 507 924; x_wconf 90' lang='lat' dir='ltr'>M</span> <span class='ocrx_word' id='word_1_29' title='bbox 530 859 577 923; x_wconf 87' lang='lat' dir='ltr'>sio</span> <span class='ocrx_word' id='word_1_30' title='bbox 599 859 731 944; x_wconf 88' lang='lat' dir='ltr'>legitur:</span> 
     </span>
     <span class='ocr_line' id='line_1_7' title="bbox 131 1015 1065 1107; baseline 0.003 -25"><span class='ocrx_word' id='word_1_31' title='bbox 131 1020 306 1099; x_wconf 81' lang='grc' dir='ltr'><em>Βακτρίων</em></span> <span class='ocrx_word' id='word_1_32' title='bbox 326 1015 356 1082; x_wconf 84' lang='lat' dir='ltr'>d&#39;</span> <span class='ocrx_word' id='word_1_33' title='bbox 375 1020 464 1102; x_wconf 80' lang='grc' dir='ltr'><em>ἔρρει</em></span> <span class='ocrx_word' id='word_1_34' title='bbox 482 1019 637 1104; x_wconf 80' lang='grc' dir='ltr'><em>πανώλης</em></span> <span class='ocrx_word' id='word_1_35' title='bbox 656 1020 761 1105; x_wconf 77' lang='grc' dir='ltr'><em>δῆμος</em></span> <span class='ocrx_word' id='word_1_36' title='bbox 779 1019 863 1085; x_wconf 81' lang='grc' dir='ltr'><em>οὐδέ</em></span> <span class='ocrx_word' id='word_1_37' title='bbox 878 1044 927 1096; x_wconf 87' lang='grc' dir='ltr'><em>τις</em></span> <span class='ocrx_word' id='word_1_38' title='bbox 945 1018 1065 1107; x_wconf 80' lang='grc' dir='ltr'><em>γέρων,</em></span> 
     </span>
    </p>
   </div>
   <div class='ocr_carea' id='block_1_5' title="bbox 86 1178 1104 1478">
    <p class='ocr_par' dir='ltr' id='par_1_5' title="bbox 86 1178 1104 1478">
     <span class='ocr_line' id='line_1_8' title="bbox 89 1178 1104 1264; baseline 0.003 -22"><span class='ocrx_word' id='word_1_39' title='bbox 89 1200 154 1262; x_wconf 87' lang='lat' dir='ltr'>quo</span> <span class='ocrx_word' id='word_1_40' title='bbox 178 1178 258 1243; x_wconf 86' lang='lat' dir='ltr'>haee</span> <span class='ocrx_word' id='word_1_41' title='bbox 281 1183 408 1264; x_wconf 79' lang='lat' dir='ltr'>spectat</span> <span class='ocrx_word' id='word_1_42' title='bbox 430 1179 604 1264; x_wconf 80' lang='lat' dir='ltr'>Byzantini</span> <span class='ocrx_word' id='word_1_43' title='bbox 627 1181 814 1264; x_wconf 73' lang='lat' dir='ltr'>explicatio:</span> <span class='ocrx_word' id='word_1_44' title='bbox 836 1190 904 1244; x_wconf 81' lang='grc' dir='ltr'>τῶν</span> <span class='ocrx_word' id='word_1_45' title='bbox 927 1183 1104 1264; x_wconf 84' lang='grc' dir='ltr'><em>Βακτρίων</em></span> 
     </span>
     <span class='ocr_line' id='line_1_9' title="bbox 87 1281 1103 1372; baseline 0.003 -22"><span class='ocrx_word' id='word_1_46' title='bbox 87 1281 125 1350; x_wconf 71' lang='lat' dir='ltr'>dl</span> <span class='ocrx_word' id='word_1_47' title='bbox 148 1287 237 1368; x_wconf 86' lang='grc' dir='ltr'><em>ἔρρει</em></span> <span class='ocrx_word' id='word_1_48' title='bbox 259 1284 315 1350; x_wconf 81' lang='grc' dir='ltr'>καὶ</span> <span class='ocrx_word' id='word_1_49' title='bbox 338 1285 472 1370; x_wconf 80' lang='grc' dir='ltr'><em>ἐφθάρη</em></span> <span class='ocrx_word' id='word_1_50' title='bbox 495 1295 559 1363; x_wconf 84' lang='grc' dir='ltr'><em>πᾶς</em></span> <span class='ocrx_word' id='word_1_51' title='bbox 578 1287 682 1371; x_wconf 76' lang='grc' dir='ltr'><em>δῆμος</em></span> <span class='ocrx_word' id='word_1_52' title='bbox 700 1288 855 1370; x_wconf 80' lang='grc' dir='ltr'><em>πανώλης</em></span> <span class='ocrx_word' id='word_1_53' title='bbox 873 1284 928 1352; x_wconf 83' lang='grc' dir='ltr'>καὶ</span> <span class='ocrx_word' id='word_1_54' title='bbox 947 1286 1103 1372; x_wconf 79' lang='grc' dir='ltr'><em>ἀνδρεῖος</em></span> 
     </span>
     <span class='ocr_line' id='line_1_10' title="bbox 86 1390 911 1478; baseline 0.001 -21"><span class='ocrx_word' id='word_1_55' title='bbox 86 1390 142 1457; x_wconf 81' lang='grc' dir='ltr'>καὶ</span> <span class='ocrx_word' id='word_1_56' title='bbox 165 1393 342 1476; x_wconf 85' lang='grc' dir='ltr'><em>πολεμικὸς</em></span> <span class='ocrx_word' id='word_1_57' title='bbox 365 1392 448 1459; x_wconf 76' lang='grc' dir='ltr'><em>οὐδέ</em></span> <span class='ocrx_word' id='word_1_58' title='bbox 469 1416 519 1469; x_wconf 90' lang='grc' dir='ltr'><em>τις</em></span> <span class='ocrx_word' id='word_1_59' title='bbox 536 1392 649 1478; x_wconf 79' lang='grc' dir='ltr'><em>’γέρων</em></span> <span class='ocrx_word' id='word_1_60' title='bbox 673 1394 820 1458; x_wconf 83' lang='grc' dir='ltr'><em>ἀπώλετο</em></span> <span class='ocrx_word' id='word_1_61' title='bbox 844 1399 911 1459; x_wconf 93' lang='grc' dir='ltr'><em>κτλ.</em></span> 
     </span>
    </p>
   </div>
   <div class='ocr_carea' id='block_1_6' title="bbox 58 1525 1105 3647">
    <p class='ocr_par' dir='ltr' id='par_1_6' title="bbox 89 1525 1104 1935">
     <span class='ocr_line' id='line_1_11' title="bbox 156 1525 1103 1613; baseline 0 -21"><span class='ocrx_word' id='word_1_62' title='bbox 156 1525 227 1602; x_wconf 82' lang='lat' dir='ltr'>Quo</span> <span class='ocrx_word' id='word_1_63' title='bbox 255 1527 365 1612; x_wconf 89' lang='lat' dir='ltr'>modo,</span> <span class='ocrx_word' id='word_1_64' title='bbox 395 1549 529 1613; x_wconf 84' lang='lat' dir='ltr'>quaeso,</span> <span class='ocrx_word' id='word_1_65' title='bbox 558 1528 638 1594; x_wconf 83' lang='lat' dir='ltr'>haee</span> <span class='ocrx_word' id='word_1_66' title='bbox 661 1550 733 1593; x_wconf 89' lang='lat' dir='ltr'>oum</span> <span class='ocrx_word' id='word_1_67' title='bbox 757 1540 873 1613; x_wconf 89' lang='lat' dir='ltr'>poetae</span> <span class='ocrx_word' id='word_1_68' title='bbox 898 1528 1004 1592; x_wconf 89' lang='lat' dir='ltr'>verbis</span> <span class='ocrx_word' id='word_1_69' title='bbox 1028 1550 1103 1592; x_wconf 89' lang='lat' dir='ltr'>eon-</span> 
     </span>
     <span class='ocr_line' id='line_1_12' title="bbox 89 1633 1103 1721; baseline 0 -21"><span class='ocrx_word' id='word_1_70' title='bbox 89 1635 193 1701; x_wconf 86' lang='lat' dir='ltr'>eiliari</span> <span class='ocrx_word' id='word_1_71' title='bbox 218 1636 393 1721; x_wconf 46' lang='lat' dir='ltr'>possuntt„⁴</span> <span class='ocrx_word' id='word_1_72' title='bbox 414 1634 481 1700; x_wconf 87' lang='lat' dir='ltr'>Isto</span> <span class='ocrx_word' id='word_1_73' title='bbox 514 1635 644 1719; x_wconf 90' lang='lat' dir='ltr'>quidem</span> <span class='ocrx_word' id='word_1_74' title='bbox 674 1635 779 1700; x_wconf 89' lang='lat' dir='ltr'>bonus</span> <span class='ocrx_word' id='word_1_75' title='bbox 806 1633 1007 1720; x_wconf 83' lang='lat' dir='ltr'><strong>Byzantinus</strong></span> <span class='ocrx_word' id='word_1_76' title='bbox 1036 1657 1103 1700; x_wconf 91' lang='lat' dir='ltr'>non</span> 
     </span>
     <span class='ocr_line' id='line_1_13' title="bbox 89 1741 1104 1826; baseline -0.002 -19"><span class='ocrx_word' id='word_1_77' title='bbox 89 1743 250 1809; x_wconf 88' lang='lat' dir='ltr'>dubitavit</span> <span class='ocrx_word' id='word_1_78' title='bbox 264 1766 338 1808; x_wconf 86' lang='lat' dir='ltr'>eum</span> <span class='ocrx_word' id='word_1_79' title='bbox 352 1765 428 1808; x_wconf 87' lang='lat' dir='ltr'>vooe</span> <span class='ocrx_word' id='word_1_80' title='bbox 442 1743 598 1826; x_wconf 82' lang='grc' dir='ltr'><em>πανώλης</em></span> <span class='ocrx_word' id='word_1_81' title='bbox 613 1765 651 1806; x_wconf 90' lang='lat' dir='ltr'>ea</span> <span class='ocrx_word' id='word_1_82' title='bbox 665 1743 957 1826; x_wconf 90' lang='lat' dir='ltr'>interpretamenta</span> <span class='ocrx_word' id='word_1_83' title='bbox 972 1741 1104 1806; x_wconf 85' lang='lat' dir='ltr'>coniun-</span> 
     </span>
     <span class='ocr_line' id='line_1_14' title="bbox 91 1847 1103 1935; baseline -0.003 -20"><span class='ocrx_word' id='word_1_84' title='bbox 91 1871 180 1934; x_wconf 85' lang='lat' dir='ltr'>gere,</span> <span class='ocrx_word' id='word_1_85' title='bbox 218 1873 301 1935; x_wconf 89' lang='lat' dir='ltr'>quae</span> <span class='ocrx_word' id='word_1_86' title='bbox 338 1851 433 1934; x_wconf 93' lang='lat' dir='ltr'>plane</span> <span class='ocrx_word' id='word_1_87' title='bbox 472 1851 513 1916; x_wconf 90' lang='lat' dir='ltr'>ab</span> <span class='ocrx_word' id='word_1_88' title='bbox 550 1851 608 1914; x_wconf 91' lang='lat' dir='ltr'>illa</span> <span class='ocrx_word' id='word_1_89' title='bbox 645 1850 850 1914; x_wconf 77' lang='lat' dir='ltr'>abhorreant.</span> <span class='ocrx_word' id='word_1_90' title='bbox 902 1847 1003 1928; x_wconf 91' lang='lat' dir='ltr'>Nam,</span> <span class='ocrx_word' id='word_1_91' title='bbox 1041 1849 1103 1912; x_wconf 88' lang='lat' dir='ltr'>etsi</span> 
     </span>
    </p>

    <p class='ocr_par' dir='ltr' id='par_1_7' title="bbox 58 1951 1105 3647">
     <span class='ocr_line' id='line_1_15' title="bbox 89 1951 1103 2041; baseline 0.001 -20"><span class='ocrx_word' id='word_1_92' title='bbox 89 1958 237 2040; x_wconf 87' lang='lat' dir='ltr'>exempla</span> <span class='ocrx_word' id='word_1_93' title='bbox 266 1958 380 2021; x_wconf 88' lang='lat' dir='ltr'>afferre</span> <span class='ocrx_word' id='word_1_94' title='bbox 407 1979 474 2021; x_wconf 93' lang='lat' dir='ltr'>non</span> <span class='ocrx_word' id='word_1_95' title='bbox 503 1978 584 2040; x_wconf 91' lang='lat' dir='ltr'>opus</span> <span class='ocrx_word' id='word_1_96' title='bbox 613 1961 676 2035; x_wconf 86' lang='lat' dir='ltr'>est,</span> <span class='ocrx_word' id='word_1_97' title='bbox 709 1962 832 2041; x_wconf 79' lang='lat' dir='ltr'>quanto</span> <span class='ocrx_word' id='word_1_98' title='bbox 868 1955 962 2021; x_wconf 91' lang='lat' dir='ltr'>aliter</span> <span class='ocrx_word' id='word_1_99' title='bbox 990 1951 1103 2040; x_wconf 83' lang='lat' dir='ltr'>Suppl.</span> 
     </span>
     <span class='ocr_line' id='line_1_16' title="bbox 58 2045 1104 2147; baseline -0.002 -19"><span class='ocrx_word' id='word_1_100' title='bbox 58 2045 60 2051; x_wconf 14' lang='grc' dir='ltr'><em>Α</em></span> <span class='ocrx_word' id='word_1_101' title='bbox 89 2086 118 2129; x_wconf 90' lang='lat' dir='ltr'>v.</span> <span class='ocrx_word' id='word_1_102' title='bbox 139 2064 203 2128; x_wconf 88' lang='lat'>103</span> <span class='ocrx_word' id='word_1_103' title='bbox 226 2062 389 2138; x_wconf 87' lang='grc' dir='ltr'><em>πανώλεις</em></span> <span class='ocrx_word' id='word_1_104' title='bbox 412 2063 445 2126; x_wconf 93' lang='lat' dir='ltr'>in</span> <span class='ocrx_word' id='word_1_105' title='bbox 463 2062 499 2126; x_wconf 89' lang='lat' dir='ltr'>M</span> <span class='ocrx_word' id='word_1_106' title='bbox 522 2063 718 2147; x_wconf 84' lang='lat' dir='ltr'>explicatum</span> <span class='ocrx_word' id='word_1_107' title='bbox 737 2067 795 2129; x_wconf 86' lang='lat' dir='ltr'>est.</span> <span class='ocrx_word' id='word_1_108' title='bbox 832 2061 898 2128; x_wconf 91' lang='lat' dir='ltr'>Ubi</span> <span class='ocrx_word' id='word_1_109' title='bbox 918 2065 1007 2126; x_wconf 84' lang='lat' dir='ltr'>extat</span> <span class='ocrx_word' id='word_1_110' title='bbox 1024 2063 1104 2138; x_wconf 87' lang='grc' dir='ltr'><em>τοὺς</em></span> 
     </span>
     <span class='ocr_line' id='line_1_17' title="bbox 86 2167 1102 2254; baseline -0.002 -20"><span class='ocrx_word' id='word_1_111' title='bbox 86 2177 148 2234; x_wconf 87' lang='grc' dir='ltr'>τοῦ</span> <span class='ocrx_word' id='word_1_112' title='bbox 172 2167 311 2233; x_wconf 77' lang='grc' dir='ltr'><em>ὀλέσθαι</em></span> <span class='ocrx_word' id='word_1_113' title='bbox 334 2168 448 2247; x_wconf 83' lang='grc' dir='ltr'><em>ἀξίους</em></span> <span class='ocrx_word' id='word_1_114' title='bbox 471 2169 489 2233; x_wconf 85' lang='grc' dir='ltr'>ὅ</span> <span class='ocrx_word' id='word_1_115' title='bbox 509 2167 579 2234; x_wconf 80' lang='grc' dir='ltr'><em>ἐστι</em></span> <span class='ocrx_word' id='word_1_116' title='bbox 597 2171 726 2246; x_wconf 89' lang='grc' dir='ltr'><em>κακούς.</em></span> <span class='ocrx_word' id='word_1_117' title='bbox 765 2169 872 2254; x_wconf 83' lang='lat' dir='ltr'>Atque</span> <span class='ocrx_word' id='word_1_118' title='bbox 891 2167 978 2253; x_wconf 81' lang='lat' dir='ltr'>Sept.</span> <span class='ocrx_word' id='word_1_119' title='bbox 992 2191 1021 2233; x_wconf 86' lang='lat' dir='ltr'>v.</span> <span class='ocrx_word' id='word_1_120' title='bbox 1036 2169 1102 2234; x_wconf 83' lang='lat'>539</span> 
     </span>
     <span class='ocr_line' id='line_1_18' title="bbox 89 2275 1105 2362; baseline -0.001 -22"><span class='ocrx_word' id='word_1_121' title='bbox 89 2277 129 2341; x_wconf 90' lang='lat' dir='ltr'>ad</span> <span class='ocrx_word' id='word_1_122' title='bbox 157 2277 321 2353; x_wconf 88' lang='grc' dir='ltr'><em>πανώλεις</em></span> <span class='ocrx_word' id='word_1_123' title='bbox 348 2277 382 2341; x_wconf 92' lang='lat' dir='ltr'>in</span> <span class='ocrx_word' id='word_1_124' title='bbox 411 2275 441 2341; x_wconf 74' lang='lat' dir='ltr'><strong>G</strong></span> <span class='ocrx_word' id='word_1_125' title='bbox 468 2277 631 2362; x_wconf 77' lang='lat' dir='ltr'>glossema</span> <span class='ocrx_word' id='word_1_126' title='bbox 663 2279 821 2361; x_wconf 87' lang='lat' dir='ltr'>scriptum</span> <span class='ocrx_word' id='word_1_127' title='bbox 854 2281 904 2341; x_wconf 90' lang='lat' dir='ltr'>est</span> <span class='ocrx_word' id='word_1_128' title='bbox 935 2280 1105 2352; x_wconf 84' lang='grc' dir='ltr'><em>παντελῶς</em></span> 
     </span>
     <span class='ocr_line' id='line_1_19' title="bbox 88 2382 1105 2469; baseline -0.003 -20"><span class='ocrx_word' id='word_1_129' title='bbox 88 2382 320 2469; x_wconf 77' lang='grc' dir='ltr'><em>ἠφανισμέναι.</em></span> <span class='ocrx_word' id='word_1_130' title='bbox 375 2382 437 2448; x_wconf 82' lang='lat' dir='ltr'>Sed</span> <span class='ocrx_word' id='word_1_131' title='bbox 470 2385 555 2450; x_wconf 86' lang='lat' dir='ltr'>buno</span> <span class='ocrx_word' id='word_1_132' title='bbox 587 2386 694 2450; x_wconf 84' lang='lat' dir='ltr'>locum</span> <span class='ocrx_word' id='word_1_133' title='bbox 726 2384 905 2449; x_wconf 80' lang='lat' dir='ltr'>rectissime</span> <span class='ocrx_word' id='word_1_134' title='bbox 938 2383 1105 2447; x_wconf 87' lang='lat' dir='ltr'>Heimsoe·</span> 
     </span>
     <span class='ocr_line' id='line_1_20' title="bbox 88 2487 1104 2580; baseline -0.006 -22"><span class='ocrx_word' id='word_1_135' title='bbox 88 2493 177 2558; x_wconf 88' lang='lat' dir='ltr'>thius</span> <span class='ocrx_word' id='word_1_136' title='bbox 200 2489 248 2580; x_wconf 84' lang='lat' dir='ltr'>(in</span> <span class='ocrx_word' id='word_1_137' title='bbox 268 2493 352 2557; x_wconf 90' lang='lat' dir='ltr'>libro</span> <span class='ocrx_word' id='word_1_138' title='bbox 373 2492 411 2556; x_wconf 90' lang='lat' dir='ltr'>de</span> <span class='ocrx_word' id='word_1_139' title='bbox 431 2492 587 2557; x_wconf 88' lang='lat' dir='ltr'>memoria</span> <span class='ocrx_word' id='word_1_140' title='bbox 606 2490 760 2576; x_wconf 78' lang='lat' dir='ltr'>Aeschyli</span> <span class='ocrx_word' id='word_1_141' title='bbox 779 2514 810 2575; x_wconf 91' lang='lat' dir='ltr'>p.</span> <span class='ocrx_word' id='word_1_142' title='bbox 829 2487 888 2578; x_wconf 82' lang='lat'>56)</span> <span class='ocrx_word' id='word_1_143' title='bbox 907 2488 1104 2554; x_wconf 75' lang='lat' dir='ltr'>emendavit:</span> 
     </span>
     <span class='ocr_line' id='line_1_21' title="bbox 88 2596 1105 2684; baseline -0.004 -19"><span class='ocrx_word' id='word_1_144' title='bbox 88 2602 265 2684; x_wconf 79' lang='grc' dir='ltr'><em>παναλκης.</em></span> <span class='ocrx_word' id='word_1_145' title='bbox 312 2599 360 2664; x_wconf 81' lang='lat' dir='ltr'>Of.</span> <span class='ocrx_word' id='word_1_146' title='bbox 378 2597 536 2683; x_wconf 81' lang='lat' dir='ltr'>Hesychii</span> <span class='ocrx_word' id='word_1_147' title='bbox 561 2599 701 2682; x_wconf 87' lang='lat' dir='ltr'>glossas:</span> <span class='ocrx_word' id='word_1_148' title='bbox 729 2598 867 2681; x_wconf 86' lang='grc' dir='ltr'><em>ἀλκιμος</em></span> <span class='ocrx_word' id='word_1_149' title='bbox 895 2596 1048 2680; x_wconf 80' lang='grc' dir='ltr'><em>ἀνδρεῖος</em></span> <span class='ocrx_word' id='word_1_150' title='bbox 1071 2600 1105 2661; x_wconf 90' lang='lat' dir='ltr'>et</span> 
     </span>
     <span class='ocr_line' id='line_1_22' title="bbox 89 2703 1104 2791; baseline -0.006 -19"><span class='ocrx_word' id='word_1_151' title='bbox 89 2706 234 2791; x_wconf 81' lang='grc' dir='ltr'><em>ἀναλκὴς</em></span> <span class='ocrx_word' id='word_1_152' title='bbox 256 2707 433 2790; x_wconf 78' lang='grc' dir='ltr'><em>ἄνανδρος.</em></span> <span class='ocrx_word' id='word_1_153' title='bbox 477 2704 574 2769; x_wconf 87' lang='lat' dir='ltr'>Mitte</span> <span class='ocrx_word' id='word_1_154' title='bbox 597 2708 720 2785; x_wconf 90' lang='lat' dir='ltr'>tamen,</span> <span class='ocrx_word' id='word_1_155' title='bbox 751 2705 837 2787; x_wconf 92' lang='lat' dir='ltr'>quod</span> <span class='ocrx_word' id='word_1_156' title='bbox 859 2703 1104 2767; x_wconf 87' lang='lat' dir='ltr'>Heimsoethius</span> 
     </span>
     <span class='ocr_line' id='line_1_23' title="bbox 90 2807 1104 2898; baseline -0.006 -20"><span class='ocrx_word' id='word_1_157' title='bbox 90 2817 233 2898; x_wconf 82' lang='lat' dir='ltr'>glossam</span> <span class='ocrx_word' id='word_1_158' title='bbox 257 2812 485 2896; x_wconf 82' lang='grc' dir='ltr'><em>ἀλκιμώτατον</em></span> <span class='ocrx_word' id='word_1_159' title='bbox 507 2820 665 2894; x_wconf 78' lang='grc' dir='ltr'><em>γενναῖον</em></span> <span class='ocrx_word' id='word_1_160' title='bbox 693 2832 765 2874; x_wconf 88' lang='lat' dir='ltr'>eum</span> <span class='ocrx_word' id='word_1_161' title='bbox 791 2810 833 2894; x_wconf 90' lang='lat' dir='ltr'>gl.</span> <span class='ocrx_word' id='word_1_162' title='bbox 852 2808 884 2872; x_wconf 93' lang='lat' dir='ltr'><strong>V</strong></span> <span class='ocrx_word' id='word_1_163' title='bbox 907 2807 925 2872; x_wconf 85' lang='grc' dir='ltr'>ὁ</span> <span class='ocrx_word' id='word_1_164' title='bbox 949 2816 1104 2890; x_wconf 77' lang='grc' dir='ltr'><em>γενναῖος</em></span> 
     </span>
     <span class='ocr_line' id='line_1_24' title="bbox 88 2914 1103 3002; baseline -0.007 -16"><span class='ocrx_word' id='word_1_165' title='bbox 88 2917 145 2986; x_wconf 81' lang='grc' dir='ltr'>καὶ</span> <span class='ocrx_word' id='word_1_166' title='bbox 168 2919 322 3002; x_wconf 80' lang='grc' dir='ltr'><em>ἀνδρεῖος</em></span> <span class='ocrx_word' id='word_1_167' title='bbox 346 2917 492 2982; x_wconf 87' lang='lat' dir='ltr'>contulit.</span> <span class='ocrx_word' id='word_1_168' title='bbox 537 2915 622 2980; x_wconf 90' lang='lat' dir='ltr'>Nam</span> <span class='ocrx_word' id='word_1_169' title='bbox 647 2937 719 2980; x_wconf 88' lang='lat' dir='ltr'>oum</span> <span class='ocrx_word' id='word_1_170' title='bbox 741 2915 802 2980; x_wconf 90' lang='lat' dir='ltr'>hoo</span> <span class='ocrx_word' id='word_1_171' title='bbox 821 2916 862 2980; x_wconf 91' lang='lat' dir='ltr'>ab</span> <span class='ocrx_word' id='word_1_172' title='bbox 882 2914 986 2980; x_wconf 87' lang='lat' dir='ltr'>altera</span> <span class='ocrx_word' id='word_1_173' title='bbox 1005 2937 1103 2979; x_wconf 90' lang='lat' dir='ltr'>manu</span> 
     </span>
     <span class='ocr_line' id='line_1_25' title="bbox 90 3023 1104 3111; baseline -0.009 -17"><span class='ocrx_word' id='word_1_174' title='bbox 90 3028 249 3111; x_wconf 87' lang='lat' dir='ltr'>seriptum</span> <span class='ocrx_word' id='word_1_175' title='bbox 269 3025 322 3108; x_wconf 91' lang='lat' dir='ltr'>sit,</span> <span class='ocrx_word' id='word_1_176' title='bbox 345 3025 397 3088; x_wconf 90' lang='lat' dir='ltr'>oui</span> <span class='ocrx_word' id='word_1_177' title='bbox 414 3023 539 3087; x_wconf 89' lang='lat' dir='ltr'>nullam</span> <span class='ocrx_word' id='word_1_178' title='bbox 558 3023 785 3088; x_wconf 75' lang='lat' dir='ltr'>auctoritatem</span> <span class='ocrx_word' id='word_1_179' title='bbox 804 3023 1011 3087; x_wconf 86' lang='lat' dir='ltr'>tribuendam</span> <span class='ocrx_word' id='word_1_180' title='bbox 1033 3043 1104 3086; x_wconf 88' lang='lat' dir='ltr'>esse</span> 
     </span>
     <span class='ocr_line' id='line_1_26' title="bbox 91 3127 1103 3219; baseline -0.008 -17"><span class='ocrx_word' id='word_1_181' title='bbox 91 3135 178 3202; x_wconf 88' lang='lat' dir='ltr'>infra</span> <span class='ocrx_word' id='word_1_182' title='bbox 201 3154 370 3219; x_wconf 84' lang='lat' dir='ltr'>exponam,</span> <span class='ocrx_word' id='word_1_183' title='bbox 394 3131 599 3196; x_wconf 85' lang='lat' dir='ltr'>statuendum</span> <span class='ocrx_word' id='word_1_184' title='bbox 623 3133 674 3195; x_wconf 91' lang='lat' dir='ltr'>ast</span> <span class='ocrx_word' id='word_1_185' title='bbox 697 3151 807 3194; x_wconf 86' lang='lat' dir='ltr'>vocem</span> <span class='ocrx_word' id='word_1_186' title='bbox 829 3129 983 3214; x_wconf 77' lang='grc' dir='ltr'><em>ἀνδρεῖος</em></span> <span class='ocrx_word' id='word_1_187' title='bbox 1002 3151 1019 3192; x_wconf 88' lang='lat' dir='ltr'>e</span> <span class='ocrx_word' id='word_1_188' title='bbox 1036 3127 1103 3194; x_wconf 90' lang='lat' dir='ltr'>seb.</span> 
     </span>
     <span class='ocr_line' id='line_1_27' title="bbox 90 3238 1105 3329; baseline -0.013 -20"><span class='ocrx_word' id='word_1_189' title='bbox 90 3264 194 3329; x_wconf 88' lang='lat' dir='ltr'>marg.</span> <span class='ocrx_word' id='word_1_190' title='bbox 207 3241 381 3327; x_wconf 88' lang='lat' dir='ltr'>repetitam</span> <span class='ocrx_word' id='word_1_191' title='bbox 401 3261 482 3318; x_wconf 89' lang='lat' dir='ltr'>esse,</span> <span class='ocrx_word' id='word_1_192' title='bbox 499 3241 537 3302; x_wconf 90' lang='lat' dir='ltr'>ut</span> <span class='ocrx_word' id='word_1_193' title='bbox 555 3238 619 3302; x_wconf 90' lang='lat' dir='ltr'>alia</span> <span class='ocrx_word' id='word_1_194' title='bbox 635 3239 843 3324; x_wconf 84' lang='lat' dir='ltr'>glossemata,</span> <span class='ocrx_word' id='word_1_195' title='bbox 860 3243 931 3303; x_wconf 89' lang='lat' dir='ltr'>tum</span> <span class='ocrx_word' id='word_1_196' title='bbox 951 3244 1105 3320; x_wconf 80' lang='grc' dir='ltr'><em>γενναῖος</em></span> 
     </span>
     <span class='ocr_line' id='line_1_28' title="bbox 93 3341 1104 3432; baseline -0.011 -17"><span class='ocrx_word' id='word_1_197' title='bbox 93 3349 248 3416; x_wconf 86' lang='lat' dir='ltr'>additum.</span> <span class='ocrx_word' id='word_1_198' title='bbox 276 3348 326 3413; x_wconf 92' lang='lat' dir='ltr'>De</span> <span class='ocrx_word' id='word_1_199' title='bbox 344 3347 471 3432; x_wconf 87' lang='lat' dir='ltr'>reliqua</span> <span class='ocrx_word' id='word_1_200' title='bbox 488 3346 585 3411; x_wconf 88' lang='lat' dir='ltr'>huius</span> <span class='ocrx_word' id='word_1_201' title='bbox 604 3367 716 3410; x_wconf 87' lang='lat' dir='ltr'>versus</span> <span class='ocrx_word' id='word_1_202' title='bbox 736 3347 917 3411; x_wconf 84' lang='lat' dir='ltr'>mutatione</span> <span class='ocrx_word' id='word_1_203' title='bbox 936 3344 976 3408; x_wconf 88' lang='lat' dir='ltr'>ab</span> <span class='ocrx_word' id='word_1_204' title='bbox 996 3341 1104 3406; x_wconf 83' lang='lat' dir='ltr'>Haim-</span> 
     </span>
     <span class='ocr_line' id='line_1_29' title="bbox 91 3447 1103 3541; baseline -0.012 -17"><span class='ocrx_word' id='word_1_205' title='bbox 91 3457 219 3524; x_wconf 90' lang='lat' dir='ltr'>soetbio</span> <span class='ocrx_word' id='word_1_206' title='bbox 237 3456 366 3541; x_wconf 89' lang='lat' dir='ltr'>prolata</span> <span class='ocrx_word' id='word_1_207' title='bbox 385 3454 578 3539; x_wconf 86' lang='lat' dir='ltr'>supersedeo</span> <span class='ocrx_word' id='word_1_208' title='bbox 597 3451 726 3519; x_wconf 85' lang='lat' dir='ltr'>referre.</span> <span class='ocrx_word' id='word_1_209' title='bbox 763 3451 825 3518; x_wconf 85' lang='lat' dir='ltr'>Sed</span> <span class='ocrx_word' id='word_1_210' title='bbox 845 3474 917 3518; x_wconf 86' lang='lat' dir='ltr'>eum</span> <span class='ocrx_word' id='word_1_211' title='bbox 934 3447 1103 3514; x_wconf 85' lang='lat' dir='ltr'>Diodorfio</span> 
     </span>
     <span class='ocr_line' id='line_1_30' title="bbox 89 3559 883 3647; baseline -0.006 -18"><span class='ocrx_word' id='word_1_212' title='bbox 89 3562 219 3630; x_wconf 84' lang='lat' dir='ltr'>videtur</span> <span class='ocrx_word' id='word_1_213' title='bbox 241 3562 282 3629; x_wconf 88' lang='grc' dir='ltr'>οὐ</span> <span class='ocrx_word' id='word_1_214' title='bbox 306 3563 348 3646; x_wconf 79' lang='grc' dir='ltr'>δή</span> <span class='ocrx_word' id='word_1_215' title='bbox 371 3585 421 3639; x_wconf 87' lang='grc' dir='ltr'><em>τις</em></span> <span class='ocrx_word' id='word_1_216' title='bbox 443 3559 552 3647; x_wconf 80' lang='grc' dir='ltr'><em>γέρον</em></span> <span class='ocrx_word' id='word_1_217' title='bbox 575 3559 779 3626; x_wconf 81' lang='lat' dir='ltr'>scribendum</span> <span class='ocrx_word' id='word_1_218' title='bbox 804 3581 883 3625; x_wconf 87' lang='lat' dir='ltr'>esse.</span> 
     </span>
    </p>
   </div>
   <div class='ocr_carea' id='block_1_7' title="bbox 0 0 1223 3856">
    <p class='ocr_par' dir='ltr' id='par_1_8' title="bbox 0 0 1223 3856">
     <span class='ocr_line' id='line_1_31' title="bbox 0 0 1223 3856; baseline 0 0"><span class='ocrx_word' id='word_1_219' title='bbox 0 0 1223 3856; x_wconf 95' lang='lat' dir='ltr'> </span> 
     </span>
    </p>
   </div>
  </div>
 </body>
</html>
