2430 3856
399 174 653 227 ARGUMENTUM
671 174 847 227 FABULAE.

325 923 671 997 ARGUMENTUM
698 921 923 998 FABULAE

391 1074 418 1127 σ
443 1072 599 1130 comcs
622 1074 658 1128 M
680 1074 859 1132 ποιῶσιν.

307 1199 512 1282 ‘rubescis
535 1211 702 1290 Περσῶν
726 1208 939 1290 Αἰσχύλου.

181 1352 333 1425 Γλαῦκος
365 1347 402 1413 ἐν
434 1359 503 1424 τοῖς
534 1347 610 1432 περὶ
637 1349 810 1432 Αἰσχύλου
842 1350 964 1434 μύθων
996 1349 1032 1415 ἐκ
1064 1363 1131 1416 τῶν
1203 1341 1204 1344 “

118 1459 310 1521 Φοινισσῶν
335 1459 509 1538 Φρυνίχου
536 1453 619 1540 φησὶ
647 1458 727 1532 τοὺς
751 1455 884 1541 Πέρσας
907 1469 1132 1544 παραπεποιῆ-

114 1570 205 1628 σθαι.
252 1562 404 1646 ἐκτίθησι
426 1560 482 1627 καί
510 1563 572 1644 τὴν
597 1562 701 1645 ἀρχὴν
724 1573 785 1628 τοῦ
814 1564 981 1647 δράματος
1009 1567 1131 1649 ταύτην

235 1682 308 1752 τίδ’
335 1685 404 1752 ἐστὶ
427 1692 571 1771 Περσῶν
594 1698 662 1751 τῶν
686 1686 787 1751 πάλαι
811 1690 1008 1772 βεβηαότυν.
1158 1706 1171 1746 5

114 1813 201 1896 πλὴν
221 1811 290 1877 ἐκεῖ
302 1811 462 1898 εὐνοῦχός
476 1810 567 1876 ἐστιν
586 1809 757 1894 ἀγγέλλων
773 1810 809 1875 ἐν
827 1811 910 1896 ἀρχῇ
929 1813 990 1896 τὴν
1005 1811 1131 1898 Ξέρξου

113 1915 227 2002 ἧτταν,
251 1919 393 2001 στορνύς
416 1942 451 1983 τε
470 1920 620 2002 θρόνους
638 1919 731 1994 τινας
749 1929 820 1995 τοῖς
837 1927 895 2002 τῆς
914 1918 1014 2003 ἀρχῆς
1033 1919 1131 2005 παρέ-

115 2027 219 2111 δροις,
244 2025 391 2090 ἐνταῦθα
415 2025 452 2090 δὲ
475 2027 663 2108 προλογίζει
687 2026 786 2110 χορὸς
804 2029 1009 2111 πρεσβυτῶν.
1050 2031 1131 2108 [τῶν

113 2131 150 2199 δὲ
173 2143 284 2218 χορῶν
312 2130 471 2220 (χορικῶν
500 2134 580 2198 coni.
605 2132 745 2217 Weckl.)
774 2133 814 2197 τὰ
842 2131 903 2218 μέν
932 2133 1001 2198 ἐστι
1028 2156 1131 2219 παρο-

114 2241 201 2323 δικοί,
225 2240 279 2306 ὅτε
303 2239 391 2323 λέγει
415 2234 460 2304 δι’
486 2239 528 2322 ἣν
552 2240 662 2304 αίτίαν
685 2240 845 2324 πάρεστιν
869 2241 913 2317 ῶς
936 2242 973 2306 τὸ
1146 2260 1171 2298 10

411 2365 536 2450 Τύριον
561 2358 661 2448 οἶδμα
685 2369 839 2447 λιποῦσα,

112 2492 152 2556 τὰ
177 2485 213 2555 dd
237 2489 390 2573 στάσιμα,
414 2489 468 2554 ὅτε
491 2489 620 2554 ἵσταται
642 2486 698 2554 καὶ
721 2490 855 2572 ἄρχεται
878 2498 935 2573 τῆς
955 2499 1130 2575 συμφορᾶς

111 2607 171 2662 τοῦ
196 2597 372 2682 δράματος,
396 2597 436 2660 col
460 2592 497 2660 dl
520 2596 713 2680 κομματικοί,
738 2595 791 2660 ὅτε
815 2597 934 2661 λοιπὸν
954 2594 990 2660 ἐν
1008 2601 1127 2684 θρήνῳ

183 2921 198 2981 2
218 2931 256 2970 c*
270 2931 334 2968 cum
349 2914 515 2984 compendio
531 2929 615 2983 super
628 2933 652 2983 τ,
672 2913 746 2981 quod
762 2933 803 2976 οις
818 2913 967 2983 significat,
985 2915 1020 2970 M.
1055 2915 1129 2968 Num

109 2988 176 3041 ante
194 3003 322 3040 rasuram
344 2993 395 3040 τῶι
417 2985 515 3052 fuerit,
541 2988 574 3039 ut
596 2985 627 3039 in
652 3001 751 3040 averso
774 2984 844 3040 folio
863 2987 991 3056 proxime
1014 3004 1129 3056 praece-

110 3057 197 3126 denti‚
217 3057 293 3126 quod
312 3059 468 3112 extremum
487 3060 530 3112 est
550 3055 697 3126 Sophoclis
716 3056 940 3126 tragoediarum,
966 3057 1023 3112 elia
1043 3075 1126 3125 quee-

110 3129 175 3183 dam
190 3146 299 3196 manus,
317 3146 389 3197 quac
405 3127 628 3183 stichometriom
644 3129 728 3197 Soph.
744 3128 858 3197 scripsit
874 3133 902 3183 et
916 3128 1030 3181 initium
1045 3129 1127 3183 huius

107 3199 274 3271 hypothesis
295 3199 415 3266 addidit,
439 3203 560 3269 γλαῦκος
579 3195 610 3254 ἐν
628 3208 679 3254 τῶι
697 3199 762 3270 περὶ
781 3197 915 3270 αἰσχίλου
938 3199 1066 3268 exhibet,
1091 3216 1128 3252 en

109 3273 186 3342 quod
213 3271 323 3327 mavult
340 3270 473 3325 Vitellius
500 3279 534 3340 τῆ
563 3270 591 3341 (i.
612 3289 635 3326 e.
659 3279 692 3342 τῇ
717 3272 776 3326 soil.
799 3271 997 3344 πραγματείᾳ),
1027 3287 1128 3338 perum

109 3343 208 3413 liquet.
229 3376 260 3383 -
287 3348 303 3396 8
322 3351 378 3397 τῶν
401 3339 433 3397 δὲ
449 3383 473 3396 ..
488 3344 609 3413 γίνεται,
632 3359 705 3411 quoe
728 3343 815 3397 verbe
838 3341 925 3395 etiem
948 3341 985 3394 od
1009 3341 1127 3396 Asistot.

108 3415 187 3470 Poet.
207 3420 280 3471 c.12
299 3413 330 3468 in
347 3430 436 3483 marg.
456 3413 520 3470 libr.
534 3413 657 3468 Perisini
675 3420 755 3482 2040,
774 3411 953 3468 Riccerdiani
975 3419 1015 3477 15,
1035 3411 1126 3466 (duell.

109 3487 254 3558 adscripta
271 3485 457 3555 reperiuntur,
477 3485 593 3540 seclusit
611 3483 813 3541 Blomfieldius.
826 3516 856 3524 -
872 3486 962 3539 τῶνδε
981 3484 997 3554 ᾅ
1014 3484 1052 3552 Μ,
1072 3493 1127 3538 τῶν

109 3567 201 3631 χορῶν
220 3557 286 3614 libri
305 3559 423 3613 Aristot.
443 3589 476 3597 -
498 3563 530 3610 13
551 3557 566 3612 ὅ
584 3577 611 3612 τι
628 3557 780 3628 legendum
800 3554 913 3610 videtur
931 3555 1049 3609 Weckl.

971 3640 989 3668 b

948 3649 972 3692 Χ
