2430 3856
113 156 155 220 58
543 156 700 207 scflomA

182 317 244 383 159
281 315 441 401 Ἄτοσσα,
478 316 632 402 θυγάτηρ
670 317 802 402 Κύρου,
844 317 930 401 γυνὴ
968 321 1127 404 Δαρείου,

112 429 218 510 μήτηρ
242 420 369 506 Ξέρξου
391 425 473 489 κατὰ
492 418 680 509 Ἡρόδοτον
703 424 733 489 V
754 421 808 512 (de
833 424 899 490 sch.
915 425 1000 511 vulg.
1020 428 1053 490 et
1066 423 1128 491 Dd.

112 533 174 598 vid.
192 537 306 598 notam
325 532 365 596 ad
386 531 452 598 seh.
467 554 494 597 v.
517 531 604 618 153).

183 688 293 746 θνατὰ
310 689 360 744 τὸν
373 687 417 745 Ἣ.
437 688 463 742 V
517 707 523 715 ·

95 979 97 983 7
180 908 244 971 160
255 927 304 990 sq.·
348 911 447 970 θεοῦ
462 902 524 990 μὲν
548 905 722 991 εὐνήτειρα
746 910 902 991 Περσῶνι
932 906 1011 983 τοὺς
1033 907 1127 989 βασι-

113 1019 181 1090 λεῖς
209 1012 321 1077 αὑτῶν
345 1010 487 1077 ἐκάλουν
509 1013 614 1088 θεοὺς
637 1012 672 1076 oc
688 1009 817 1098 Πέρσαι
840 1011 861 1095 ἣ
886 1016 942 1076 ίσα
960 1009 1016 1076 καὶ
1033 1019 1128 1089 θεοῖς

113 1119 241 1203 ἐτίμων.
289 1116 393 1204 φησίν
422 1113 485 1184 οὖν
509 1118 527 1184 ὁ
550 1121 649 1204 χορὸς
670 1119 755 1203 πρὸς
776 1119 838 1202 τὴν
853 1108 1034 1184 Ἄτοσσαν·
1065 1127 1126 1184 τοῦ

112 1232 197 1291 θεοῦ
221 1222 282 1311 μὲν
300 1237 367 1291 τῶν
387 1230 530 1310 Περσῶν
548 1225 666 1309 ἐγένου
690 1226 875 1308 σύγκοιτος,
898 1223 1049 1291 τουτέστι
1067 1233 1128 1291 τοῦ

85 1337 280 1418 τΔαρείου,
308 1328 481 1417 μήτηρθὲ
504 1329 746 1421 τοίλινέγένου
767 1339 829 1396 τοῦ
851 1338 948 1415 θεοῦ,
970 1333 1045 1415 ἤτοι
1067 1340 1128 1398 τοῦ

111 1439 254 1525 Ξέρξου,
281 1441 313 1504 εί
333 1437 414 1516 τέως
442 1439 486 1523 μὴ
510 1438 528 1504 ὁ
552 1441 692 1515 παλαιὸς
715 1439 844 1522 δαίμων
866 1439 940 1522 ἤτοι
962 1438 983 1521 ἡ
1007 1437 1128 1524 ἀρχαία

111 1545 167 1612 καὶ
189 1546 210 1630 ἡ
234 1543 314 1629 πρὶν
334 1545 469 1630 εὐτυχία
492 1543 673 1630 μεθέστηκε
692 1546 819 1632 στρατῷ
844 1542 919 1610 ἀντὶ
937 1554 998 1610 τοῦ
1016 1544 1128 1636 καρρέ-

111 1644 211 1738 χηκεν
239 1652 304 1719 ἀπὸ
331 1661 392 1719 τοῦ
420 1661 572 1739 στρατοῦ.
624 1650 832 1740 P(Dd.)VH.
877 1651 950 1719 Hoc
982 1657 1015 1718 et
1045 1676 1128 1739 quae

112 1763 265 1826 secuntur
293 1761 401 1826 decem
431 1760 557 1826 scholia
581 1760 699 1825 absunt
723 1761 763 1824 ab
789 1757 830 1844 Ο,
858 1759 892 1824 in
921 1779 983 1845 quo
1007 1761 1129 1827 excidit

112 1890 212 1932 unum
235 1868 359 1934 folium.

184 2031 197 2078 1
217 2023 323 2078 lemma
340 2023 424 2079 hausi
442 2041 476 2078 ex
494 2025 528 2090 H,
547 2023 597 2077 ubi
615 2025 711 2078 tamen
729 2024 817 2086 θεοὺς
840 2055 874 2064 -
897 2025 963 2087 τοῦς
981 2026 1042 2097 βασ.
1063 2026 1127 2081 αῦτ.

112 2093 142 2150 οί
156 2092 264 2166 Πέρσαι
288 2097 335 2149 ίσα
357 2093 407 2150 καὶ
425 2094 484 2166 (καί
504 2111 557 2150 om.
573 2090 609 2165 V)
632 2098 713 2158 θεοῖς
736 2095 844 2164 ἐτίμων.
882 2099 999 2150 καλοῦσι
1021 2093 1054 2151 δέ
1077 2096 1129 2151 καὶ

110 2166 209 2228 θεούς·
242 2165 330 2236 φησὶν
358 2162 409 2221 οὖν
437 2169 494 2221 κτλ.
513 2165 571 2219 VH
607 2197 641 2206 —
679 2173 696 2220 4
719 2169 790 2220 θεοῦ
815 2182 885 2220 corr.
905 2183 920 2220 ο
942 2175 1027 2238 χοροῦ
1047 2166 1074 2221 V
1092 2199 1128 2210 -

111 2235 254 2293 τουτέστιν
273 2239 299 2292 Η
327 2269 360 2278 -
390 2240 498 2292 ῦθεοῦ
518 2237 577 2291 sine
597 2239 650 2291 art.
670 2236 723 2290 PH
748 2270 778 2278 —
804 2236 937 2307 ἥγουνῖί
960 2269 995 2279 -
1023 2236 1129 2304 6τέοις

111 2311 201 2379 μοιὶί
226 2339 258 2350 -
289 2307 373 2365 ’ίκαὶ
391 2307 459 2377 πρὶν
478 2309 534 2364 εῦτ.
553 2307 588 2374 Η,
611 2307 660 2362 καὶ
678 2308 787 2363 παλαιὰ
806 2310 861 2364 εῦτ.
876 2308 898 2362 Ρ
916 2340 949 2350 -
970 2310 1128 2379 στρατοῦΗ

112 2411 144 2420 -
160 2388 175 2436 8
195 2380 251 2435 ἀπὸ
270 2388 320 2436 τοῦ
340 2389 458 2451 στρατοῦ
478 2397 531 2437 om.
543 2380 576 2449 V,
596 2379 660 2434 ἀντὶ
678 2388 727 2434 τοῦ
747 2389 865 2449 στρατοῦ
885 2381 911 2433 Η

179 2775 242 2838 162
255 2795 323 2859 sqq.
370 2783 473 2839 ταῦτα
506 2774 548 2857 δὴ
581 2769 712 2863 λιτοῦσ’
747 2775 865 2839 ίκοίνωε
902 2773 1073 2840 ἀκούσασα
1105 2776 1127 2860 ἡ

100 2879 246 2944 ’Ἁτοσσα
268 2887 329 2944 τοῦ
352 2888 455 2964 χοροῦ
479 2881 641 2962 είκόντος,
666 2881 716 2945 ὅτι
739 2883 771 2945 εί
788 2882 832 2965 μὴ
851 2880 871 2964 ἡ
891 2879 971 2965 πρὶν
990 2880 1127 2967 εὐτυχία

21 3028 26 3037 ·
110 2986 304 3072 μεθέστηκε,
332 2988 429 3071 φησί·
458 2988 514 3052 διὰ
536 2996 640 3052 ταῦτα
658 2983 713 3052 καὶ
737 2985 801 3069 ἐγὼ
824 2991 1050 3072 παραγίνομαι
1074 2988 1128 3054 ἐν-

109 3094 220 3160 ταῦθα
247 3094 331 3180 πρὸς
357 3093 442 3178 ὑμᾶς
469 3095 694 3171 καταλείψασα
722 3096 801 3171 τοὺς
830 3103 942 3181 χρυσῷ
967 3111 1127 3180 κεκοσμη-

83 3200 234 3287 τμένους
266 3207 379 3278 οίκους
410 3198 464 3266 καὶ
497 3202 557 3265 τὸν
590 3202 764 3283 βασιλικὸν
791 3212 943 3266 κοιτῶνα.
985 3199 1040 3266 καὶ
1068 3199 1127 3287 ἐμὲ

50 3458 54 3467 Ι
125 3430 130 3439 -
182 3394 315 3450 Scholion
333 3394 418 3463 vulgo
439 3397 467 3449 et
485 3411 529 3464 ap.
544 3393 597 3448 Dd,
618 3394 658 3448 sic
677 3394 714 3448 ad
733 3395 790 3449 sch.
806 3414 831 3450 v.
849 3401 899 3449 155
913 3394 1053 3449 adnexum
1068 3377 1134 3452 σεῦε.

106 3474 198 3520 ταῦτα
224 3465 257 3521 δὲ
282 3465 330 3536 (ὃν)
358 3465 455 3537 vulgo)
484 3465 631 3521 ἀκούσασα
657 3465 676 3535 ἡ
699 3463 811 3521 Ἄτοσσα
848 3497 882 3506 -
920 3472 936 3519 2
965 3463 1007 3520 ὅτι
1036 3464 1064 3521 εί
1087 3467 1126 3538 μὴ

39 3588 42 3593 .
85 3533 119 3582 P
117 3534 203 3603 (M),
225 3537 264 3590 εί
271 3557 300 3592 τι
314 3537 358 3608 μή
379 3537 506 3611 vulg0H‚
529 3540 562 3596 εί
573 3559 603 3594 τι
622 3558 669 3611 μοι
688 3538 715 3593 V
736 3570 769 3580 -
790 3545 807 3592 3
827 3556 859 3607 με
879 3533 1135 3602 καθέστηκεἏ-
