2430 3856
497 139 709 193 PRAEFATIO.
1036 138 1115 188 XVII

162 299 244 366 (lum
269 302 379 364 autem
402 299 568 364 homerica
591 299 697 364 forma
721 298 786 364 ἐὼν
809 322 828 364 a
850 299 986 385 tragicis
1006 298 1113 364 aliena

95 409 140 472 sit
166 428 272 491 neque
299 406 505 491 pyrrhichius
529 407 563 470 in
591 407 706 489 quinta
733 406 853 470 senarii
882 406 956 470 sede
979 407 1113 471 tolerari

95 515 216 600 possit,
246 512 429 578 Meinekius
460 509 508 598 (in
535 512 611 578 hist.
640 534 721 578 corn.
746 511 801 578 Gr.
824 536 854 596 p.
873 512 954 597 202)
983 514 1113 599 egregie

95 623 246 687 correxit:

192 743 317 830 Ξέρξης
341 742 371 809 d'
400 743 478 829 ἐμὸς
499 755 576 820 παῖς
600 742 691 820 ἐνεὸς
715 743 763 809 ὢν
786 744 862 809 ἐνεὰ
885 755 1014 829 φρονεῖ.

96 889 200 966 Quam
229 888 490 953 emendationem
518 886 761 952 Heimsoethius
794 887 843 974 (in
877 910 914 953 eo
947 889 1033 953 libro
1062 889 1115 954 cui

95 996 263 1081 inscripsit
286 993 454 1059 ‘kritische
478 994 606 1058 studien
630 1017 669 1058 zu
693 994 755 1058 den
774 993 996 1079 griechischen
1014 996 1114 1080 tragi-

96 1101 187 1168 lrern’
212 1126 241 1186 p.
259 1099 338 1188 190)
359 1101 566 1185 glossematis
590 1101 710 1166 codicis
728 1100 801 1166 Par.
816 1099 857 1164 B:
881 1102 992 1185 μωρὸς
1016 1124 1112 1186 super

95 1208 172 1287 νέος
196 1214 230 1274 et
253 1209 348 1293 μωρὰ
372 1231 468 1293 super
491 1210 551 1272 νέα
574 1209 608 1271 et
631 1207 749 1291 glossis
769 1207 924 1291 Hesychii
947 1214 981 1272 et
998 1209 1052 1277 Et.
1071 1209 1114 1274 M.

94 1317 307 1396 confirmavit.
353 1316 469 1400 Itaque
498 1316 531 1379 in
554 1313 589 1378 M
611 1314 751 1379 traditur
778 1319 836 1379 aut
863 1315 1047 1380 coniectura
1074 1316 1113 1381 li·

94 1424 204 1506 brarii,
228 1424 286 1508 qui
309 1421 375 1488 ἑὼν
398 1423 575 1487 substituto
600 1425 741 1486 metrum
760 1444 875 1486 sanare
900 1423 1033 1508 studuit,
1057 1428 1113 1489 aut

94 1532 246 1596 mendum
277 1553 315 1594 ex
350 1527 427 1606 νέος
457 1532 564 1594 ortum
603 1527 657 1611 (cf.
685 1551 714 1594 v.
740 1528 801 1594 751
834 1528 908 1594 ἐὼν
938 1537 1045 1596 θεῶν
1073 1530 1113 1613 Η,

96 1638 160 1703 ἐὼν
185 1641 293 1704 ortum
316 1659 355 1702 ex
383 1632 500 1723 θεῶν).
545 1634 633 1700 InV
657 1637 836 1719 ceterisque
859 1637 980 1722 legitur
1004 1638 1113 1702 arche·

93 1746 164 1830 typi
186 1767 251 1811 vox
270 1737 326 1809 aa.
370 1797 372 1803 .

161 1888 195 1938 v.
216 1867 286 1934 188
305 1870 494 1951 κασιγνήτω
514 1866 674 1952 praebent
694 1865 763 1931 VH
782 1866 854 1931 Par.
869 1866 909 1950 N,
932 1873 1113 1952 κασιγνήτα
1148 1924 1154 1932 .

96 1977 140 2043 M.
186 1975 289 2052 Quom
314 1976 354 2040 ad
377 1977 499 2056 locum,
527 1997 568 2038 ne
592 1975 710 2057 longus
736 1975 807 2052 sim,
832 1974 989 2040 Dindorfii
1013 1978 1112 2041 verba

96 2085 210 2150 afferre
233 2085 341 2167 liceat,
363 2083 420 2166 qui
439 2083 479 2147 ad
499 2081 597 2166 Soph.
616 2081 667 2146 El.
686 2104 715 2146 v.
734 2081 810 2167 977,
833 2082 889 2147 ubi
909 2084 941 2146 in
961 2083 1112 2148 omnibus

95 2192 187 2256 libris
211 2192 328 2256 ἴδεσθε
350 2190 435 2254 τώδε
462 2189 508 2254 τὼ
532 2190 719 2272 κασιγνήτω
743 2210 802 2272 pro
825 2189 939 2254 formis
964 2173 1111 2256 femineis

96 2298 224 2383 legitur,
248 2299 329 2362 haec
352 2297 495 2381 scripsit:

162 2421 227 2488 ‘Sic
255 2423 354 2486 etiam
384 2421 469 2505 apud
493 2421 704 2486 Eustathium
733 2421 863 2505 punt,
885 2423 933 2486 16.
979 2421 1112 2487 Gratiae

94 2529 264 2594 habendae
293 2533 370 2593 sunt
397 2528 553 2615 librariis,
581 2528 635 2612 qui
664 2527 717 2592 hic
744 2529 882 2591 intactas
910 2529 1113 2612 reliquerunt

96 2636 293 2739 masculinas
317 2636 441 2700 numeri
464 2635 567 2700 dualis
591 2634 727 2713 formas,
755 2657 835 2719 quas
863 2635 1053 2720 plerumque
1076 2637 1111 2701 in

93 2744 268 2822 femininos
283 2748 504 2828 corruperunt,
524 2743 563 2807 de
583 2765 646 2827 quo
662 2742 728 2806 dixi
748 2742 788 2806 ad
804 2741 880 2808 Oed.
895 2741 964 2808 Col.
981 2741 1111 2833 1113.*)

94 2849 291 2916 Scholiasta:
316 2847 459 2916 ἐπὶτῶν
482 2855 644 2934 θηλυκῶν
666 2860 736 2926 τοῖς
759 2848 947 2932 ἀρσενικοῖς
969 2852 1113 2935 ἄρθροις

94 2956 261 3042 κέχρηται,
286 2957 366 3039 ὅπερ
390 2959 538 3040 σύνηθες
550 2953 720 3033 Ἀττικοῖς
743 2957 789 3020 τὼ
808 2968 897 3042 χεῖρε
915 2959 978 3043 γάρ
998 2980 1111 3045 φασιν.

94 3063 149 3129 καὶ
174 3063 317 3147 Ὅμηρος
346 3064 402 3150 (Ε,
428 3061 507 3150 778)
537 3065 592 3128 ‘roh
618 3062 655 3129 δὲ
683 3063 787 3148 βάτην
815 3067 960 3150 τρήρωσι
983 3067 1111 3130 πελειά-

94 3188 148 3236 σιν
173 3168 295 3255 topoo'
322 3170 455 3256 ὁμοιαί.

160 3435 187 3507 *)
206 3436 260 3491 Ubi
280 3435 409 3505 exempla
427 3435 526 3490 attulit
542 3435 672 3505 plurima,
693 3450 764 3502 quae
783 3431 893 3486 numeri
908 3431 1000 3488 dualis
1015 3434 1109 3488 termi-

94 3524 217 3580 nationis
236 3525 411 3580 masculinae
429 3543 510 3579 usum
528 3524 659 3594 probant.

147 3624 234 3666 Sonos.
249 3636 275 3664 rn
288 3625 376 3668 Asson.
392 3626 461 3667 Prrns.
477 3625 512 3666 ed.
526 3623 718 3668 Dthnharrtt.
950 3606 981 3658 Χ(ὃ
