2430 3856
83 178 133 226 XL
349 202 352 208 ·
488 173 698 225 PRAEFATIO.

152 333 304 420 Denique
327 335 527 419 glossemata
550 337 583 398 et
606 333 730 399 scholia
752 333 935 417 Byzantina
957 333 1103 417 ipsorum

88 441 237 506 bonItate
262 440 537 537 commendantur.
983 512 986 516 ,

155 547 256 612 Velut
284 546 359 614 suh.
377 543 408 611 A
429 544 522 612 1074
554 548 721 630 δύσβατόν
751 564 833 632 φησι
862 549 924 631 τὴν
951 550 1104 633 Περσίδα

89 654 150 739 οὐχ
179 656 223 731 ὡς
251 655 398 738 σκληρὰν
425 652 481 718 καὶ
509 655 675 719 δύσκολον
703 656 750 730 εἰς
778 656 932 738 ἔμβασιν,
961 648 1034 719 ἀλλ’
1059 655 1106 732 ὡς

89 760 143 827 ἐπὶ
174 770 263 850 κακῷ
297 759 352 826 ναὶ
385 762 546 847 δυστυχίᾳ
578 759 782 846 βαινομένην
814 769 859 848 τῷ
891 759 1006 848 Ξέρξῃ.
1054 761 1102 828 Cf.

90 867 320 934 Wilamowitz.
339 867 480 932 Hermae
500 869 562 932 vol.
580 867 684 950 XXV,
706 891 736 952 p.
758 869 829 933 169.
875 867 965 933 Idem
991 869 1104 934 laudat

88 974 164 1042 sch.
177 973 208 1040 A
222 973 308 1057 412,
333 997 395 1059 quo
414 976 617 1059 Λυκομήδης
634 977 820 1059 Αἰσχραίου
843 976 967 1059 primus
986 997 1103 1040 navem

89 1081 212 1166 cepisse
232 1082 359 1167 dicitur,
380 1082 413 1146 id
433 1082 517 1167 quod
537 1083 636 1146 etiam
655 1081 738 1147 Plut.
753 1081 863 1146 Them.
879 1104 903 1147 c.
920 1083 962 1146 15
980 1088 1104 1148 narrat.

87 1187 202 1272 Neque
231 1187 363 1252 dubium
386 1189 526 1274 videtur,
554 1191 632 1273 quIn
655 1187 731 1255 sch.
750 1186 780 1252 A
801 1185 870 1252 716
894 1188 938 1264 ὡς
962 1187 999 1254 ἐν
1023 1205 1103 1254 συν-

87 1297 177 1382 τόμῳ
211 1299 298 1381 λόγῳ
329 1299 520 1381 περιλαβεῖν
547 1293 603 1360 καὶ
632 1297 736 1360 εἰπεῖν
764 1297 957 1379 συλλήβδην
985 1296 1104 1361 πάντα.

86 1402 132 1478 ὡς
153 1403 242 1488 παρὰ
264 1410 310 1489 τῷ
332 1402 499 1487 Εὐριπίδῃ
523 1401 643 1487 (Οτοείζ
662 1426 691 1468 v.
713 1398 761 1490 1)·
790 1400 863 1466 ‘oda
887 1403 977 1468 ἔστιν
1000 1398 1103 1468 οὐδὲν

87 1510 202 1574 δεινὸν
233 1504 291 1574 ὧδ’
323 1512 426 1574 εἰπεῖν
454 1508 547 1586 ἔπορ’
575 1509 733 1594 integrius
767 1509 810 1574 sit
844 1532 941 1594 quam
974 1509 1040 1575 sch.
1068 1509 1103 1573 M

88 1619 271 1702 σημείωσαι
294 1620 331 1681 τὸ
356 1616 399 1693 ὡς
424 1618 500 1692 ἔπος
524 1617 629 1681 εἰπεῖν
653 1614 707 1702 (cf.
726 1616 858 1681 Wilam.
879 1617 900 1681 l.
920 1617 941 1681 1.
963 1640 995 1702 p.
1012 1615 1103 1703 169).

86 1723 171 1789 Item
196 1727 294 1790 verba
318 1722 392 1790 soh.
411 1720 442 1788 A
461 1721 532 1789 554
554 1734 626 1801 ταῖς
648 1723 713 1789 ’ἀπὸ
727 1733 793 1807 τῆς
816 1724 950 1809 Batneos
975 1724 1101 1806 οὔσαις,

32 1891 36 1897 ,
88 1832 161 1916 ἥτις
184 1829 253 1898 ἐστὶ
276 1833 372 1908 πόλις
395 1833 577 1916 Περσίδος,
606 1831 640 1910 ἐξ
667 1826 706 1915 ἧς
733 1829 788 1896 καὶ
811 1833 849 1896 ud
869 1841 945 1916 νῆες
968 1832 1104 1918 βαρίδες

18 1958 21 1965 “
87 1939 300 2024 praeferenda
333 1943 410 2002 sunt
442 1939 565 2003 scholio
594 1937 630 2002 M
660 1939 794 2022 βαρίδες
822 1939 860 2002 ui
883 1948 968 2021 νῆες.
1020 1937 1103 2002 Tum

87 2048 123 2110 in
147 2046 321 2127 archetypo
344 2043 445 2107 fuisse
472 2043 599 2108 uidetur
627 2042 678 2122 gl.
696 2041 727 2108 V
747 2041 814 2109 151
841 2045 876 2109 οί
896 2043 1028 2130 Πέρσαι
1050 2067 1104 2110 το-

88 2151 191 2234 ξόται,
211 2151 247 2216 ολ
254 2147 413 2232 Ἕλληνες
432 2152 648 2234 λογχηφόροι,
667 2172 729 2233 quo
744 2148 944 2234 Byzantinus
963 2150 1011 2214 ita
1025 2173 1103 2215 usus

88 2262 152 2340 est,
183 2261 220 2321 ut
248 2257 403 2321 scriberet
433 2255 468 2319 οί
493 2253 554 2340 μέν
581 2256 645 2341 γὰρ
670 2253 798 2339 Πέρσαι
828 2253 974 2338 τοξόται,
1009 2257 1044 2320 od
1065 2254 1103 2321 δὲ

84 2359 259 2449 Ἀθηναῖοι
292 2365 508 2448 λογχοφόροι.
553 2361 637 2427 Item
669 2359 813 2442 gl.v11
838 2360 885 2427 20
916 2371 1102 2445 ποιοῦντες,
1157 2397 1159 2400 -

89 2456 362 2558 όινδροπλήθιιοιν
393 2469 576 2556 πολεμικὴν
607 2466 806 2554 παρέχοντες
837 2471 884 2546 είς
917 2468 1102 2553 έκφόβησιν

88 2579 290 2664 ἀντιπάλων,
312 2577 362 2658 gl.
377 2577 407 2642 V
424 2576 467 2642 15
492 2581 598 2642 λείπει
621 2578 703 2642 ὥστε
728 2577 832 2642 εἰπεῖν
856 2575 931 2662 περὶ
955 2576 1104 2661 έκείιιων,

88 2685 138 2766 gl.
153 2684 260 2751 vlle
283 2687 405 2768 τρόπος
424 2682 666 2768 έιυμολογικός.
703 2683 850 2770 Denique
868 2690 905 2749 ut
926 2685 989 2750 alia
1008 2686 1103 2775 omIt·

86 2799 154 2858 tam
179 2792 229 2872 gl.
248 2789 278 2856 V
298 2788 367 2855 491
401 2790 465 2855 ιἰπὸ
499 2789 535 2856 δὲ
568 2799 624 2875 τῆς
651 2799 711 2874 γῆς
737 2796 805 2856 κτλ.
832 2796 942 2876 potest
970 2814 1103 2876 epara-

85 2882 197 2986 phrasi
221 2920 319 2983 quam
343 2897 521 2962 Itoemerus
545 2897 661 2963 statuit
683 2897 864 2982 profectum
888 2921 968 2965 esse.
1067 2947 1070 2952 .

154 3005 270 3070 Restat
297 3009 334 3069 ut
361 3026 544 3070 enumerem
570 3026 651 3089 quae
678 3005 834 3089 possint
861 3028 900 3070 ex
929 3007 1103 3092 archetypo

85 3115 119 3180 in
144 3113 173 3180 A
198 3117 231 3178 et
253 3110 343 3178 codd.
365 3133 445 3178 recc.
468 3111 606 3176 fluxisse.

153 3218 239 3285 Nam
267 3219 349 3285 miro
379 3219 518 3304 quodam
547 3219 644 3285 modo
672 3219 823 3284 universa
850 3219 1047 3285 scholiorum
1071 3219 1098 3283 A

88 3331 122 3392 et
144 3327 379 3413 glossematum
401 3328 485 3392 ratio
510 3349 582 3391 oum
606 3326 738 3392 scholiis
761 3325 915 3392 Mediceis
939 3326 1103 3410 congruit.

89 3433 152 3499 Sed
177 3457 248 3500 cum
273 3457 311 3499 ex
334 3435 385 3500 his
410 3434 565 3518 exemplis
584 3433 688 3497 multa
707 3433 782 3515 sint,
805 3454 887 3517 quae
906 3432 1102 3498 omniafere

89 3540 214 3607 scholia
238 3542 429 3627 praebeant,
456 3541 623 3625 multaque
647 3562 667 3604 a
688 3538 831 3605 librariis
855 3544 970 3625 postea
993 3540 1104 3606 addita
