2430 3856
85 202 149 253 LIV
483 201 697 252 PRAEFATIO.

85 363 247 428 rationem
270 361 399 444 habuit,
428 361 477 426 ita
501 365 558 426 aut
581 362 672 445 prior
694 361 848 426 librarius
872 362 941 445 ipse
966 366 1023 426 aut
1047 362 1106 427 ali·

87 470 161 553 quis
190 492 315 554 eorum,
342 470 398 553 qui
425 469 455 532 ei
482 469 678 554 praeierunt.
728 467 767 534 F..
790 488 820 552 g.
844 469 887 553 gl.
910 468 977 533 ul
1007 467 1106 550 προέ-

86 599 194 660 κρινε,
214 577 301 660 quod
320 575 410 639 codd.
431 573 524 640 GLO
545 575 698 640 exhibent
715 575 887 659 firmatque
905 576 948 660 gl.
966 574 1001 638 M
1017 573 1107 659 Sept.

85 684 152 748 492
176 679 377 769 (προεκρίθη
402 682 442 745 ad
465 678 600 766 ᾑρέθη),
623 682 657 746 iu
677 680 710 746 V
729 681 776 746 sic
794 686 904 747 sonat:
928 678 1106 765 προέκρινε

86 800 155 854 τῶν
178 790 300 854 ἄλλων.
345 787 418 854 Ηοο
441 793 551 853 autem
575 788 683 853 scriba
705 788 739 852 in
764 788 830 853 sch.
848 809 950 872 marg.
968 788 1106 854 invenit.

85 894 199 981 Neque
222 917 298 960 vero
326 900 395 959 tam
423 916 532 979 saepe,
562 917 658 978 quam
687 895 820 960 cuilibet
847 895 961 960 leviter
989 896 1037 959 in.
1052 895 1105 960 his

87 1002 221 1066 scholiis
244 1007 376 1067 versato
398 1002 500 1066 videri
524 1001 637 1089 possit,
662 1001 747 1067 hanc
764 1002 926 1067 rationem
945 1001 1105 1067 adhibuit.

86 1107 188 1173 Velut
211 1130 249 1173 ca
268 1110 425 1194 exempla,
448 1108 565 1195 quibus
586 1107 672 1173 idem
691 1107 843 1173 mendum
862 1108 896 1172 in
915 1107 981 1174 sch.
1001 1130 1104 1195 marg.

87 1221 120 1279 et
142 1215 177 1279 in
200 1215 244 1299 gl.
264 1216 477 1300 conspicitur,
504 1237 599 1280 versa
626 1215 696 1279 vice
723 1214 770 1278 sic
794 1220 870 1278 sunt
897 1215 1104 1299 expedienda,

87 1327 125 1386 ut
145 1321 290 1386 dicamus
304 1322 484 1400 librarium,
502 1320 579 1385 dum
594 1321 719 1386 scholia
733 1321 929 1407 marginalia
947 1328 1104 1405 exararet,

86 1430 286 1513 glossemata
308 1417 490 1513 respexisse
514 1450 689 1512 eorumque
709 1429 908 1511 corruptelas
926 1428 959 1491 in
981 1427 1105 1493 scholia

85 1555 187 1620 marg.
210 1535 369 1600 intulisse.
415 1533 503 1610 Quae
531 1535 705 1620 explicatio
734 1535 808 1598 inde
832 1535 987 1617 efficitur,
1017 1535 1104 1619 quod

85 1642 213 1706 librarii
236 1646 362 1707 textum
382 1641 478 1706 iuxta
501 1641 645 1726 positum
664 1663 793 1725 semper
811 1642 1014 1726 spectabant.
1054 1637 1103 1705 Of.

85 1749 151 1813 sch.
175 1750 205 1813 A
228 1749 274 1814 44
298 1743 451 1832 Ἀρκτιὺς
477 1746 519 1829 V,
543 1741 678 1834 Ἀριιεὺς
704 1755 872 1833 corrupte,
904 1751 942 1812 ut
969 1747 1003 1811 in
1029 1747 1103 1832 ipso

84 1860 180 1920 textu
203 1857 435 1920 nonnullorum
458 1855 616 1939 codicum,
639 1856 738 1940 vulgo
752 1853 860 1918 Dd.H.
877 1890 915 1902 —
933 1854 1000 1918 ech.
1015 1855 1043 1918 A
1060 1855 1103 1919 82

84 1963 120 2026 in
151 1963 304 2026 lemmate
332 1983 395 2026 vox
422 1961 553 2026 λεύσων
585 1985 606 2026 a
632 1960 674 2041 V,
706 1962 761 2045 qui
793 1965 919 2025 textum
950 1959 1103 2044 inspexit,

86 2069 196 2132 addita
225 2071 291 2144 est,
318 2072 356 2130 ut
379 2064 539 2152 ἁμέτερον
567 2067 634 2131 sch.
657 2069 688 2130 A
713 2067 776 2132 148
801 2090 820 2131 a
843 2066 976 2132 librario
1000 2066 1040 2131 Η.
1059 2103 1104 2114 -

84 2172 124 2238 In
154 2175 307 2237 lemmate
343 2173 408 2237 sch.
437 2173 467 2236 A
496 2173 562 2237 204
591 2181 652 2255 γῆς
683 2195 744 2256 pro
776 2182 884 2257 πηγῆς
915 2172 962 2258 H,
998 2180 1036 2238 ut
1068 2174 1103 2238 iu

86 2284 177 2344 textu
191 2279 331 2344 fabulae.
342 2315 385 2326 —
401 2279 467 2344 ech.
482 2281 511 2342 A
528 2279 592 2344 136
607 2279 771 2365 δάκρυσιν
786 2281 912 2345 correxi
931 2303 948 2344 e
966 2281 1103 2346 lectione

85 2387 173 2471 vulg.
189 2392 221 2451 et
241 2387 284 2471 gl.
298 2385 406 2469 VGL,
430 2386 639 2471 δακρύμασιν
662 2407 680 2449 e
703 2386 833 2450 fabulae
851 2390 943 2450 textu
960 2385 1102 2470 irrepsit.

85 2530 129 2542 -
154 2493 265 2558 soh.A
285 2493 351 2558 996
374 2494 434 2560 τὸν
456 2493 586 2578 μάρδον
609 2491 745 2578 ἀνδρῶν
763 2492 803 2572 V,
827 2493 915 2557 utin
933 2497 1024 2557 textu
1043 2515 1102 2576 pro

85 2611 155 2665 τῶν
173 2601 328 2685 Μάρδων
347 2599 493 2684 ἀνδρῶν.
510 2637 548 2647 -
570 2601 637 2666 sch.
656 2601 684 2664 A
705 2601 770 2666 688
790 2605 823 2664 et
841 2601 875 2665 in
893 2603 986 2664 textu
999 2599 1031 2664 V
1045 2623 1103 2664 κοι-

86 2711 173 2772 rerer
196 2727 255 2790 pro
278 2711 445 2771 aristote.
468 2742 513 2752 -
535 2707 603 2772 sch.
626 2709 655 2770 A
680 2708 743 2772 601
768 2709 923 2790 ἔμπειρος
947 2704 985 2787 V,
1008 2712 1045 2768 ut
1068 2707 1102 2769 in

84 2817 186 2894 textu,
210 2834 408 2896 quamquam
433 2812 534 2877 schol.
556 2813 675 2877 falsam
695 2813 871 2876 lectionem
889 2813 1032 2894 ἔμπορος
1051 2833 1102 2874 ex·

83 2918 193 3004 plicat.
217 2955 259 2964 —
284 2917 351 2983 sola
376 2919 405 2982 A
431 2917 495 2983 755
518 2922 552 2982 et
574 2919 608 2982 in
630 2917 743 2983 fabula
766 2915 968 2981 ἐδιδάσκειο.

152 3024 279 3089 Eodem
299 3024 395 3089 modo
415 3026 615 3108 glossemata
631 3023 894 3108 respiciebantur.
927 3021 1021 3100 Quod
1040 3024 1102 3089 hoc

85 3132 226 3198 maxime
246 3130 394 3214 exemplo
413 3131 622 3215 perspicuum
640 3130 694 3194 fit:
715 3129 884 3216 811143
903 3138 952 3194 est
971 3129 1102 3215 φέρετε,

85 3262 159 3305 cum
195 3241 231 3304 in
266 3242 358 3303 textu
395 3237 489 3321 ἄγετε
520 3259 559 3302 ex
596 3238 655 3321 ἄγε
688 3243 874 3322 corruptum
907 3239 958 3302 sit.
1010 3237 1101 3302 Idem

85 3348 249 3430 glossema
278 3346 311 3410 in
340 3344 406 3410 sch.
430 3365 531 3431 marg.
550 3344 582 3410 V
605 3368 664 3429 pro
691 3343 774 3430 φέρε
802 3345 1014 3409 substitutum
1043 3351 1100 3411 est.

85 3453 169 3519 Tum
193 3455 236 3540 gl.
255 3476 284 3520 v.
308 3454 374 3520 283
403 3454 438 3517 in
461 3451 493 3517 V
520 3458 671 3538 corrupte
699 3454 820 3540 legitur
849 3451 972 3534 ἐφώνει
999 3448 1101 3540 (recte

84 3559 119 3624 in
146 3560 178 3625 H
210 3561 307 3647 κρέζι
338 3557 469 3648 φώνει).
515 3559 595 3626 Inde
628 3566 737 3628 autem
771 3560 877 3626 scriba
910 3559 976 3626 sch.
1000 3582 1102 3647 marg.
