<?xml version="1.0" encoding="UTF-8"?>
<!DOCTYPE html PUBLIC "-//W3C//DTD XHTML 1.0 Transitional//EN"
    "http://www.w3.org/TR/xhtml1/DTD/xhtml1-transitional.dtd">
<html xmlns="http://www.w3.org/1999/xhtml" xml:lang="en" lang="en">
 <head>
  <title>
</title>
<meta http-equiv="Content-Type" content="text/html;charset=utf-8" />
  <meta name='ocr-system' content='tesseract 3.04.00' />
  <meta name='ocr-capabilities' content='ocr_page ocr_carea ocr_par ocr_line ocrx_word'/>
</head>
<body>
  <div class='ocr_page' id='page_1' title='image "./scholiainaeschy01dhgoog_0339.png"; bbox 0 0 2430 3856; ppageno 0'>
   <div class='ocr_carea' id='block_1_1' title="bbox 114 183 704 249">
    <p class='ocr_par' dir='ltr' id='par_1_1' title="bbox 114 183 704 249">
     <span class='ocr_line' id='line_1_1' title="bbox 114 183 704 249; baseline -0.002 -11"><span class='ocrx_word' id='word_1_1' title='bbox 114 183 180 249; x_wconf 79' lang='grc'><em>266</em></span> <span class='ocrx_word' id='word_1_2' title='bbox 547 186 704 238; x_wconf 85' lang='lat' dir='ltr'><strong>SCHOLIA</strong></span> 
     </span>
    </p>
   </div>
   <div class='ocr_carea' id='block_1_2' title="bbox 87 344 1136 966">
    <p class='ocr_par' dir='ltr' id='par_1_2' title="bbox 113 344 1135 754">
     <span class='ocr_line' id='line_1_2' title="bbox 183 344 1134 432; baseline -0.002 -18"><span class='ocrx_word' id='word_1_3' title='bbox 183 350 268 414; x_wconf 77' lang='lat'>1027</span> <span class='ocrx_word' id='word_1_4' title='bbox 313 344 451 414; x_wconf 84' lang='grc' dir='ltr'><em>Ἰαόνων</em></span> <span class='ocrx_word' id='word_1_5' title='bbox 478 350 570 425; x_wconf 76' lang='grc' dir='ltr'><em>λαὸςε</em></span> <span class='ocrx_word' id='word_1_6' title='bbox 604 347 621 414; x_wconf 99' lang='lat'><em>6</em></span> <span class='ocrx_word' id='word_1_7' title='bbox 649 348 749 432; x_wconf 80' lang='grc' dir='ltr'><em>χορὸς</em></span> <span class='ocrx_word' id='word_1_8' title='bbox 775 345 1024 432; x_wconf 78' lang='grc' dir='ltr'><em>έρωτηματτκῶς</em></span> <span class='ocrx_word' id='word_1_9' title='bbox 1049 363 1134 432; x_wconf 82' lang='grc' dir='ltr'><em>φησι</em></span> 
     </span>
     <span class='ocr_line' id='line_1_3' title="bbox 114 450 1135 542; baseline -0.002 -22"><span class='ocrx_word' id='word_1_10' title='bbox 114 456 197 542; x_wconf 83' lang='grc' dir='ltr'><em>πρὸς</em></span> <span class='ocrx_word' id='word_1_11' title='bbox 219 457 279 521; x_wconf 94' lang='grc' dir='ltr'><em>τὸν</em></span> <span class='ocrx_word' id='word_1_12' title='bbox 302 454 443 541; x_wconf 75' lang='grc' dir='ltr'><em>Ξέρξην·</em></span> <span class='ocrx_word' id='word_1_13' title='bbox 467 454 485 520; x_wconf 90' lang='lat'><em>6</em></span> <span class='ocrx_word' id='word_1_14' title='bbox 509 455 589 530; x_wconf 77' lang='grc' dir='ltr'><em>λαὸς</em></span> <span class='ocrx_word' id='word_1_15' title='bbox 611 465 678 519; x_wconf 81' lang='grc' dir='ltr'><em>τῶν</em></span> <span class='ocrx_word' id='word_1_16' title='bbox 703 451 840 520; x_wconf 85' lang='grc' dir='ltr'><em>Ἰαόνων</em></span> <span class='ocrx_word' id='word_1_17' title='bbox 863 451 918 520; x_wconf 80' lang='grc' dir='ltr'><em>καὶ</em></span> <span class='ocrx_word' id='word_1_18' title='bbox 941 464 1008 518; x_wconf 84' lang='grc' dir='ltr'><em>τῶν</em></span> <span class='ocrx_word' id='word_1_19' title='bbox 1034 450 1135 538; x_wconf 76' lang='grc' dir='ltr'><em>Ἀθη-</em></span> 
     </span>
     <span class='ocr_line' id='line_1_4' title="bbox 113 560 1135 647; baseline -0.003 -19"><span class='ocrx_word' id='word_1_20' title='bbox 113 565 222 628; x_wconf 89' lang='grc' dir='ltr'><em>ναίων</em></span> <span class='ocrx_word' id='word_1_21' title='bbox 260 562 300 628; x_wconf 86' lang='grc' dir='ltr'><em>οὐ</em></span> <span class='ocrx_word' id='word_1_22' title='bbox 338 565 528 647; x_wconf 81' lang='grc' dir='ltr'><em>φυγαίχμας</em></span> <span class='ocrx_word' id='word_1_23' title='bbox 565 560 670 640; x_wconf 88' lang='grc' dir='ltr'><em>έστίν;</em></span> <span class='ocrx_word' id='word_1_24' title='bbox 708 561 782 644; x_wconf 73' lang='grc' dir='ltr'><em>ἤτοι</em></span> <span class='ocrx_word' id='word_1_25' title='bbox 820 561 860 627; x_wconf 84' lang='grc' dir='ltr'><em>οὐ</em></span> <span class='ocrx_word' id='word_1_26' title='bbox 897 560 1034 645; x_wconf 76' lang='grc' dir='ltr'><em>φεύγων</em></span> <span class='ocrx_word' id='word_1_27' title='bbox 1072 562 1135 646; x_wconf 81' lang='grc' dir='ltr'><em>την</em></span> 
     </span>
     <span class='ocr_line' id='line_1_5' title="bbox 114 665 1135 754; baseline -0.001 -20"><span class='ocrx_word' id='word_1_28' title='bbox 114 670 252 754; x_wconf 78' lang='grc' dir='ltr'><em>αἰχμην;</em></span> <span class='ocrx_word' id='word_1_29' title='bbox 275 667 426 734; x_wconf 80' lang='grc' dir='ltr'><strong><em>τουτέστι</em></strong></span> <span class='ocrx_word' id='word_1_30' title='bbox 449 668 655 753; x_wconf 82' lang='grc' dir='ltr'><em>τττοούμενος</em></span> <span class='ocrx_word' id='word_1_31' title='bbox 676 669 736 733; x_wconf 92' lang='grc' dir='ltr'><em>τὸν</em></span> <span class='ocrx_word' id='word_1_32' title='bbox 759 670 914 753; x_wconf 80' lang='grc' dir='ltr'><em>πόλεμον.</em></span> <span class='ocrx_word' id='word_1_33' title='bbox 948 667 966 733; x_wconf 90' lang='lat'><em>6</em></span> <span class='ocrx_word' id='word_1_34' title='bbox 991 665 1028 733; x_wconf 75' lang='grc' dir='ltr'><em>δὲ</em></span> <span class='ocrx_word' id='word_1_35' title='bbox 1052 666 1135 754; x_wconf 76' lang='grc' dir='ltr'><em>Ξέρ-</em></span> 
     </span>
    </p>

    <p class='ocr_par' dir='ltr' id='par_1_3' title="bbox 87 773 1136 966">
     <span class='ocr_line' id='line_1_6' title="bbox 87 773 1136 861; baseline 0.003 -24"><span class='ocrx_word' id='word_1_36' title='bbox 87 775 172 859; x_wconf 82' lang='grc' dir='ltr'><em>τξης</em></span> <span class='ocrx_word' id='word_1_37' title='bbox 204 774 287 861; x_wconf 78' lang='grc' dir='ltr'><em>φησὶ</em></span> <span class='ocrx_word' id='word_1_38' title='bbox 317 778 399 861; x_wconf 81' lang='grc' dir='ltr'><em>πρὸς</em></span> <span class='ocrx_word' id='word_1_39' title='bbox 426 776 486 841; x_wconf 90' lang='grc' dir='ltr'><em>τὸν</em></span> <span class='ocrx_word' id='word_1_40' title='bbox 513 778 630 860; x_wconf 87' lang='grc' dir='ltr'><em>χορόν·</em></span> <span class='ocrx_word' id='word_1_41' title='bbox 663 774 859 858; x_wconf 81' lang='grc' dir='ltr'><em>ἄγανόρειός</em></span> <span class='ocrx_word' id='word_1_42' title='bbox 889 773 979 840; x_wconf 86' lang='grc' dir='ltr'><em>έσττν</em></span> <span class='ocrx_word' id='word_1_43' title='bbox 1007 773 1025 840; x_wconf 91' lang='lat'><em>6</em></span> <span class='ocrx_word' id='word_1_44' title='bbox 1054 776 1136 853; x_wconf 80' lang='grc' dir='ltr'><em>λαὸς</em></span> 
     </span>
     <span class='ocr_line' id='line_1_7' title="bbox 112 879 1134 966; baseline 0 -20"><span class='ocrx_word' id='word_1_45' title='bbox 112 893 181 947; x_wconf 85' lang='grc' dir='ltr'><em>τῶν</em></span> <span class='ocrx_word' id='word_1_46' title='bbox 208 879 357 965; x_wconf 86' lang='grc' dir='ltr'><em>Ἰαόνων,</em></span> <span class='ocrx_word' id='word_1_47' title='bbox 390 884 498 966; x_wconf 71' lang='grc' dir='ltr'><em>ἤγουν</em></span> <span class='ocrx_word' id='word_1_48' title='bbox 529 883 725 966; x_wconf 74' lang='grc' dir='ltr'><em>θαυμαστὸς</em></span> <span class='ocrx_word' id='word_1_49' title='bbox 757 883 804 958; x_wconf 81' lang='grc' dir='ltr'><em>είς</em></span> <span class='ocrx_word' id='word_1_50' title='bbox 835 883 873 947; x_wconf 82' lang='grc' dir='ltr'><em>τὸ</em></span> <span class='ocrx_word' id='word_1_51' title='bbox 903 880 1049 966; x_wconf 81' lang='grc' dir='ltr'><em>δρᾶσθαι</em></span> <span class='ocrx_word' id='word_1_52' title='bbox 1077 880 1134 947; x_wconf 81' lang='grc' dir='ltr'><em>καὶ</em></span> 
     </span>
    </p>
   </div>
   <div class='ocr_carea' id='block_1_3' title="bbox 112 982 1135 1184">
    <p class='ocr_par' dir='ltr' id='par_1_4' title="bbox 112 982 1135 1184">
     <span class='ocr_line' id='line_1_8' title="bbox 113 982 1135 1074; baseline 0.001 -20"><span class='ocrx_word' id='word_1_53' title='bbox 113 988 299 1073; x_wconf 79' lang='grc' dir='ltr'><em>ἐπιτήδειος</em></span> <span class='ocrx_word' id='word_1_54' title='bbox 328 991 375 1066; x_wconf 81' lang='grc' dir='ltr'><em>εἰς</em></span> <span class='ocrx_word' id='word_1_55' title='bbox 406 989 574 1074; x_wconf 76' lang='grc' dir='ltr'><em>ἀνδρείαν.</em></span> <span class='ocrx_word' id='word_1_56' title='bbox 621 990 776 1055; x_wconf 80' lang='grc' dir='ltr'><em>κατεῖδον</em></span> <span class='ocrx_word' id='word_1_57' title='bbox 809 986 847 1054; x_wconf 74' lang='grc' dir='ltr'><em>δὲ</em></span> <span class='ocrx_word' id='word_1_58' title='bbox 876 982 1005 1072; x_wconf 76' lang='grc' dir='ltr'><em>βλάβην</em></span> <span class='ocrx_word' id='word_1_59' title='bbox 1038 987 1135 1055; x_wconf 79' lang='grc' dir='ltr'><em>ἀνέλ-</em></span> 
     </span>
     <span class='ocr_line' id='line_1_9' title="bbox 112 1093 826 1184; baseline 0 -24"><span class='ocrx_word' id='word_1_60' title='bbox 112 1113 242 1161; x_wconf 85' lang='grc' dir='ltr'><em>πιστον.</em></span> <span class='ocrx_word' id='word_1_61' title='bbox 278 1095 522 1182; x_wconf 85' lang='lat' dir='ltr'><strong>vulgoDd.VH.</strong></span> <span class='ocrx_word' id='word_1_62' title='bbox 560 1093 638 1184; x_wconf 88' lang='lat' dir='ltr'>((De</span> <span class='ocrx_word' id='word_1_63' title='bbox 658 1097 684 1160; x_wconf 89' lang='lat' dir='ltr'>P</span> <span class='ocrx_word' id='word_1_64' title='bbox 703 1119 732 1161; x_wconf 85' lang='lat' dir='ltr'><em>v.</em></span> <span class='ocrx_word' id='word_1_65' title='bbox 751 1097 771 1161; x_wconf 93' lang='lat' dir='ltr'><em>l.</em></span> <span class='ocrx_word' id='word_1_66' title='bbox 790 1093 826 1183; x_wconf 84' lang='lat' dir='ltr'><em>l.)</em></span> 
     </span>
    </p>
   </div>
   <div class='ocr_carea' id='block_1_4' title="bbox 112 1234 1135 1450">
    <p class='ocr_par' dir='ltr' id='par_1_5' title="bbox 112 1234 1135 1450">
     <span class='ocr_line' id='line_1_10' title="bbox 185 1234 1135 1307; baseline 0 -17"><span class='ocrx_word' id='word_1_67' title='bbox 185 1243 200 1290; x_wconf 79' lang='lat'><strong>2</strong></span> <span class='ocrx_word' id='word_1_68' title='bbox 220 1235 304 1307; x_wconf 83' lang='grc' dir='ltr'><em>χορὸς</em></span> <span class='ocrx_word' id='word_1_69' title='bbox 321 1253 372 1306; x_wconf 86' lang='lat' dir='ltr'><em>pro</em></span> <span class='ocrx_word' id='word_1_70' title='bbox 393 1236 460 1298; x_wconf 76' lang='grc' dir='ltr'><em>λαὸς</em></span> <span class='ocrx_word' id='word_1_71' title='bbox 473 1235 580 1290; x_wconf 73' lang='grc' dir='ltr'><em>Ἰίοῖᾙ</em></span> <span class='ocrx_word' id='word_1_72' title='bbox 604 1267 637 1276; x_wconf 88' lang='grc'>-</span> <span class='ocrx_word' id='word_1_73' title='bbox 662 1243 677 1290; x_wconf 89' lang='grc'><strong>3</strong></span> <span class='ocrx_word' id='word_1_74' title='bbox 696 1234 759 1303; x_wconf 78' lang='grc' dir='ltr'><em>ἤτοι</em></span> <span class='ocrx_word' id='word_1_75' title='bbox 777 1235 864 1305; x_wconf 82' lang='lat' dir='ltr'>vulgo</span> <span class='ocrx_word' id='word_1_76' title='bbox 884 1252 937 1290; x_wconf 92' lang='lat' dir='ltr'><em>om.</em></span> <span class='ocrx_word' id='word_1_77' title='bbox 955 1266 989 1276; x_wconf 91' lang='lat'><em>-</em></span> <span class='ocrx_word' id='word_1_78' title='bbox 1009 1235 1042 1290; x_wconf 85' lang='grc' dir='ltr'><em>οό</em></span> <span class='ocrx_word' id='word_1_79' title='bbox 1062 1235 1135 1305; x_wconf 86' lang='grc' dir='ltr'><em>φεό-</em></span> 
     </span>
     <span class='ocr_line' id='line_1_11' title="bbox 112 1304 1133 1378; baseline 0.001 -17"><span class='ocrx_word' id='word_1_80' title='bbox 112 1328 170 1378; x_wconf 75' lang='grc' dir='ltr'><em>ρων</em></span> <span class='ocrx_word' id='word_1_81' title='bbox 186 1351 191 1362; x_wconf 94' lang='grc'><strong>.</strong></span> <span class='ocrx_word' id='word_1_82' title='bbox 208 1351 214 1363; x_wconf 91' lang='grc'><strong>.</strong></span> <span class='ocrx_word' id='word_1_83' title='bbox 229 1306 355 1363; x_wconf 85' lang='grc' dir='ltr'><strong><em>τουτέστι</em></strong></span> <span class='ocrx_word' id='word_1_84' title='bbox 374 1325 428 1363; x_wconf 86' lang='lat' dir='ltr'><em>om.</em></span> <span class='ocrx_word' id='word_1_85' title='bbox 443 1307 470 1362; x_wconf 89' lang='lat' dir='ltr'><strong>V</strong></span> <span class='ocrx_word' id='word_1_86' title='bbox 482 1338 519 1349; x_wconf 94' lang='lat'>-</span> <span class='ocrx_word' id='word_1_87' title='bbox 537 1315 554 1361; x_wconf 83' lang='lat'>4</span> <span class='ocrx_word' id='word_1_88' title='bbox 573 1304 714 1361; x_wconf 80' lang='grc' dir='ltr'><strong><em>τουτέστιν</em></strong></span> <span class='ocrx_word' id='word_1_89' title='bbox 734 1307 760 1360; x_wconf 91' lang='grc' dir='ltr'><strong>Η</strong></span> <span class='ocrx_word' id='word_1_90' title='bbox 780 1338 813 1347; x_wconf 93' lang='grc'>-</span> <span class='ocrx_word' id='word_1_91' title='bbox 833 1307 990 1376; x_wconf 82' lang='grc' dir='ltr'><em>πτοόμενος</em></span> <span class='ocrx_word' id='word_1_92' title='bbox 1007 1306 1133 1376; x_wconf 79' lang='grc' dir='ltr'><em>πόλεμον</em></span> 
     </span>
     <span class='ocr_line' id='line_1_12' title="bbox 113 1376 1094 1450; baseline -0.003 -17"><span class='ocrx_word' id='word_1_93' title='bbox 113 1381 137 1433; x_wconf 93' lang='lat' dir='ltr'>V</span> <span class='ocrx_word' id='word_1_94' title='bbox 157 1410 191 1419; x_wconf 96' lang='lat'>—</span> <span class='ocrx_word' id='word_1_95' title='bbox 211 1385 227 1432; x_wconf 83' lang='lat'>5</span> <span class='ocrx_word' id='word_1_96' title='bbox 247 1377 399 1450; x_wconf 74' lang='grc' dir='ltr'><em>ἀρανόριός</em></span> <span class='ocrx_word' id='word_1_97' title='bbox 416 1381 503 1448; x_wconf 87' lang='lat' dir='ltr'>vulgo</span> <span class='ocrx_word' id='word_1_98' title='bbox 523 1409 557 1419; x_wconf 94' lang='lat'>-</span> <span class='ocrx_word' id='word_1_99' title='bbox 577 1383 593 1432; x_wconf 87' lang='lat'><strong>6</strong></span> <span class='ocrx_word' id='word_1_100' title='bbox 612 1377 674 1445; x_wconf 83' lang='grc' dir='ltr'><em>ἥτοι</em></span> <span class='ocrx_word' id='word_1_101' title='bbox 692 1379 719 1432; x_wconf 93' lang='grc' dir='ltr'><strong>Η</strong></span> <span class='ocrx_word' id='word_1_102' title='bbox 738 1410 771 1418; x_wconf 95' lang='grc'><strong>-</strong></span> <span class='ocrx_word' id='word_1_103' title='bbox 792 1376 832 1442; x_wconf 80' lang='grc' dir='ltr'><em>εἰς</em></span> <span class='ocrx_word' id='word_1_104' title='bbox 849 1378 881 1433; x_wconf 88' lang='grc' dir='ltr'><em>τὸ</em></span> <span class='ocrx_word' id='word_1_105' title='bbox 901 1377 1000 1433; x_wconf 82' lang='lat' dir='ltr'><strong>addidi</strong></span> <span class='ocrx_word' id='word_1_106' title='bbox 1019 1394 1054 1432; x_wconf 87' lang='lat' dir='ltr'><em>ex</em></span> <span class='ocrx_word' id='word_1_107' title='bbox 1072 1379 1094 1430; x_wconf 90' lang='lat' dir='ltr'>V</span> 
     </span>
    </p>
   </div>
   <div class='ocr_carea' id='block_1_5' title="bbox 85 1520 1133 2607">
    <p class='ocr_par' dir='ltr' id='par_1_6' title="bbox 112 1520 1133 1930">
     <span class='ocr_line' id='line_1_13' title="bbox 184 1520 1133 1609; baseline -0.001 -20"><span class='ocrx_word' id='word_1_108' title='bbox 184 1525 269 1591; x_wconf 86' lang='lat'>1030</span> <span class='ocrx_word' id='word_1_109' title='bbox 280 1548 326 1609; x_wconf 87' lang='lat' dir='ltr'><em>sq.</em></span> <span class='ocrx_word' id='word_1_110' title='bbox 357 1522 522 1609; x_wconf 76' lang='grc' dir='ltr'><em>τραπέντα</em></span> <span class='ocrx_word' id='word_1_111' title='bbox 541 1524 773 1609; x_wconf 77' lang='grc' dir='ltr'><em>ναύφρακτονε</em></span> <span class='ocrx_word' id='word_1_112' title='bbox 796 1532 858 1589; x_wconf 87' lang='grc' dir='ltr'><em>τοῦ</em></span> <span class='ocrx_word' id='word_1_113' title='bbox 876 1520 1003 1607; x_wconf 74' lang='grc' dir='ltr'><strong><em>Ξέρξου</em></strong></span> <span class='ocrx_word' id='word_1_114' title='bbox 1022 1524 1133 1590; x_wconf 80' lang='grc' dir='ltr'><em>εἰπόν-</em></span> 
     </span>
     <span class='ocr_line' id='line_1_14' title="bbox 112 1630 1131 1716; baseline 0.002 -22"><span class='ocrx_word' id='word_1_115' title='bbox 112 1654 168 1707; x_wconf 79' lang='grc' dir='ltr'><em>τος</em></span> <span class='ocrx_word' id='word_1_116' title='bbox 196 1631 247 1695; x_wconf 86' lang='grc' dir='ltr'><em>ὅτι</em></span> <span class='ocrx_word' id='word_1_117' title='bbox 274 1632 429 1697; x_wconf 77' lang='grc' dir='ltr'><em>κατεῖδον</em></span> <span class='ocrx_word' id='word_1_118' title='bbox 457 1640 547 1716; x_wconf 75' lang='grc' dir='ltr'><em>πῆμα</em></span> <span class='ocrx_word' id='word_1_119' title='bbox 578 1632 720 1696; x_wconf 78' lang='grc' dir='ltr'><em>όελτττόν</em></span> <span class='ocrx_word' id='word_1_120' title='bbox 753 1647 836 1715; x_wconf 82' lang='grc' dir='ltr'><em>φησι</em></span> <span class='ocrx_word' id='word_1_121' title='bbox 868 1631 952 1712; x_wconf 79' lang='grc' dir='ltr'><em>πρὸς</em></span> <span class='ocrx_word' id='word_1_122' title='bbox 979 1630 1083 1695; x_wconf 86' lang='grc' dir='ltr'><em>αὐτὸν</em></span> <span class='ocrx_word' id='word_1_123' title='bbox 1114 1630 1131 1696; x_wconf 92' lang='lat'><em>6</em></span> 
     </span>
     <span class='ocr_line' id='line_1_15' title="bbox 112 1735 1133 1824; baseline 0.001 -22"><span class='ocrx_word' id='word_1_124' title='bbox 112 1740 223 1822; x_wconf 78' lang='grc' dir='ltr'><em>χορός·</em></span> <span class='ocrx_word' id='word_1_125' title='bbox 252 1739 311 1803; x_wconf 89' lang='grc' dir='ltr'><em>τὸν</em></span> <span class='ocrx_word' id='word_1_126' title='bbox 340 1740 499 1804; x_wconf 79' lang='grc' dir='ltr'><em>ναυτικὸν</em></span> <span class='ocrx_word' id='word_1_127' title='bbox 527 1737 621 1822; x_wconf 79' lang='grc' dir='ltr'><em>ἡμῶν</em></span> <span class='ocrx_word' id='word_1_128' title='bbox 644 1738 728 1803; x_wconf 77' lang='grc' dir='ltr'><em>λαὸν</em></span> <span class='ocrx_word' id='word_1_129' title='bbox 750 1738 809 1802; x_wconf 92' lang='grc' dir='ltr'><em>τὸν</em></span> <span class='ocrx_word' id='word_1_130' title='bbox 833 1735 1018 1820; x_wconf 75' lang='grc' dir='ltr'><em>ἡττηθέντα</em></span> <span class='ocrx_word' id='word_1_131' title='bbox 1040 1739 1133 1824; x_wconf 81' lang='grc' dir='ltr'><em>παρὰ</em></span> 
     </span>
     <span class='ocr_line' id='line_1_16' title="bbox 112 1842 1132 1930; baseline 0.002 -22"><span class='ocrx_word' id='word_1_132' title='bbox 112 1856 179 1909; x_wconf 85' lang='grc' dir='ltr'><em>τῶν</em></span> <span class='ocrx_word' id='word_1_133' title='bbox 204 1842 341 1911; x_wconf 87' lang='grc' dir='ltr'><em>Ἰαόνων</em></span> <span class='ocrx_word' id='word_1_134' title='bbox 365 1844 472 1928; x_wconf 76' lang='grc' dir='ltr'><em>λέγεις</em></span> <span class='ocrx_word' id='word_1_135' title='bbox 494 1851 616 1910; x_wconf 79' lang='grc' dir='ltr'><em>παθεῖν</em></span> <span class='ocrx_word' id='word_1_136' title='bbox 641 1853 733 1928; x_wconf 79' lang='grc' dir='ltr'><em>πῆμα</em></span> <span class='ocrx_word' id='word_1_137' title='bbox 757 1844 913 1924; x_wconf 76' lang='grc' dir='ltr'><em>ἅελτττον;</em></span> <span class='ocrx_word' id='word_1_138' title='bbox 944 1843 962 1910; x_wconf 90' lang='lat'><em>6</em></span> <span class='ocrx_word' id='word_1_139' title='bbox 988 1842 1027 1909; x_wconf 90' lang='grc' dir='ltr'><em>δέ</em></span> <span class='ocrx_word' id='word_1_140' title='bbox 1047 1861 1132 1930; x_wconf 84' lang='grc' dir='ltr'><em>φησι</em></span> 
     </span>
    </p>

    <p class='ocr_par' dir='ltr' id='par_1_7' title="bbox 85 1949 1133 2251">
     <span class='ocr_line' id='line_1_17' title="bbox 85 1949 1133 2035; baseline 0.001 -20"><span class='ocrx_word' id='word_1_141' title='bbox 85 1953 195 2034; x_wconf 69' lang='grc' dir='ltr'><em>ατρὸς</em></span> <span class='ocrx_word' id='word_1_142' title='bbox 223 1952 337 2035; x_wconf 87' lang='grc' dir='ltr'><em>αὐτόν,</em></span> <span class='ocrx_word' id='word_1_143' title='bbox 366 1952 417 2017; x_wconf 84' lang='grc' dir='ltr'><em>ὅτι</em></span> <span class='ocrx_word' id='word_1_144' title='bbox 445 1959 608 2017; x_wconf 89' lang='grc' dir='ltr'><em>τοσοῦτον</em></span> <span class='ocrx_word' id='word_1_145' title='bbox 641 1949 736 2030; x_wconf 80' lang='grc' dir='ltr'><em>ἔδοξέ</em></span> <span class='ocrx_word' id='word_1_146' title='bbox 764 1974 821 2034; x_wconf 85' lang='grc' dir='ltr'><em>μοι</em></span> <span class='ocrx_word' id='word_1_147' title='bbox 848 1959 947 2016; x_wconf 89' lang='grc' dir='ltr'><em>τοῦτο</em></span> <span class='ocrx_word' id='word_1_148' title='bbox 974 1953 1133 2035; x_wconf 77' lang='grc' dir='ltr'><em>χαλεπόν,</em></span> 
     </span>
     <span class='ocr_line' id='line_1_18' title="bbox 113 2055 1132 2145; baseline 0.001 -23"><span class='ocrx_word' id='word_1_149' title='bbox 113 2058 196 2123; x_wconf 82' lang='grc' dir='ltr'><em>ὥστε</em></span> <span class='ocrx_word' id='word_1_150' title='bbox 219 2057 275 2123; x_wconf 81' lang='grc' dir='ltr'><em>καὶ</em></span> <span class='ocrx_word' id='word_1_151' title='bbox 298 2060 358 2124; x_wconf 89' lang='grc' dir='ltr'><em>τὸν</em></span> <span class='ocrx_word' id='word_1_152' title='bbox 383 2059 560 2143; x_wconf 73' lang='grc' dir='ltr'><em>ἱματισμόν</em></span> <span class='ocrx_word' id='word_1_153' title='bbox 582 2082 648 2143; x_wconf 86' lang='grc' dir='ltr'><em>μου</em></span> <span class='ocrx_word' id='word_1_154' title='bbox 668 2055 824 2143; x_wconf 83' lang='grc' dir='ltr'><em>διέρρηξα</em></span> <span class='ocrx_word' id='word_1_155' title='bbox 843 2056 896 2122; x_wconf 83' lang='grc' dir='ltr'><em>έττὶ</em></span> <span class='ocrx_word' id='word_1_156' title='bbox 914 2066 954 2144; x_wconf 76' lang='grc' dir='ltr'><em>τῇ</em></span> <span class='ocrx_word' id='word_1_157' title='bbox 973 2066 1132 2145; x_wconf 82' lang='grc' dir='ltr'><strong><em>συμφορᾷ</em></strong></span> 
     </span>
     <span class='ocr_line' id='line_1_19' title="bbox 112 2160 1132 2251; baseline 0.003 -23"><span class='ocrx_word' id='word_1_158' title='bbox 112 2165 234 2229; x_wconf 88' lang='grc' dir='ltr'><em>τούτου</em></span> <span class='ocrx_word' id='word_1_159' title='bbox 261 2173 322 2229; x_wconf 88' lang='grc' dir='ltr'><em>τοῦ</em></span> <span class='ocrx_word' id='word_1_160' title='bbox 348 2174 462 2229; x_wconf 86' lang='grc' dir='ltr'><em>κακοῦ.</em></span> <span class='ocrx_word' id='word_1_161' title='bbox 506 2173 606 2229; x_wconf 86' lang='grc' dir='ltr'><em>τοῦτο</em></span> <span class='ocrx_word' id='word_1_162' title='bbox 636 2160 673 2229; x_wconf 74' lang='grc' dir='ltr'><em>δὲ</em></span> <span class='ocrx_word' id='word_1_163' title='bbox 701 2161 756 2229; x_wconf 78' lang='grc' dir='ltr'><em>καὶ</em></span> <span class='ocrx_word' id='word_1_164' title='bbox 780 2164 798 2230; x_wconf 92' lang='lat'><em>6</em></span> <span class='ocrx_word' id='word_1_165' title='bbox 822 2165 961 2248; x_wconf 74' lang='grc' dir='ltr'><em>ἅγγελος</em></span> <span class='ocrx_word' id='word_1_166' title='bbox 983 2175 1132 2251; x_wconf 82' lang='grc' dir='ltr'><em>ττροεῖττε.</em></span> 
     </span>
    </p>

    <p class='ocr_par' dir='ltr' id='par_1_8' title="bbox 111 2318 1132 2607">
     <span class='ocr_line' id='line_1_20' title="bbox 184 2318 1131 2393; baseline 0.003 -19"><span class='ocrx_word' id='word_1_167' title='bbox 184 2328 199 2374; x_wconf 80' lang='lat'>2</span> <span class='ocrx_word' id='word_1_168' title='bbox 220 2318 298 2376; x_wconf 82' lang='grc' dir='ltr'><em>εἶδον</em></span> <span class='ocrx_word' id='word_1_169' title='bbox 312 2319 399 2391; x_wconf 84' lang='lat' dir='ltr'>vulgo</span> <span class='ocrx_word' id='word_1_170' title='bbox 423 2353 457 2362; x_wconf 92' lang='lat'><em>-</em></span> <span class='ocrx_word' id='word_1_171' title='bbox 481 2329 561 2390; x_wconf 83' lang='grc' dir='ltr'><em>πῆμα</em></span> <span class='ocrx_word' id='word_1_172' title='bbox 576 2338 630 2376; x_wconf 89' lang='lat' dir='ltr'><em>om.</em></span> <span class='ocrx_word' id='word_1_173' title='bbox 646 2320 684 2388; x_wconf 90' lang='lat' dir='ltr'><em>V,</em></span> <span class='ocrx_word' id='word_1_174' title='bbox 712 2319 782 2391; x_wconf 82' lang='grc' dir='ltr'><strong><em>πῆμ’</em></strong></span> <span class='ocrx_word' id='word_1_175' title='bbox 799 2321 826 2374; x_wconf 93' lang='grc' dir='ltr'><strong>Η</strong></span> <span class='ocrx_word' id='word_1_176' title='bbox 851 2352 885 2362; x_wconf 88' lang='grc'><strong>-</strong></span> <span class='ocrx_word' id='word_1_177' title='bbox 913 2339 1001 2391; x_wconf 86' lang='grc' dir='ltr'><em>φησιν</em></span> <span class='ocrx_word' id='word_1_178' title='bbox 1018 2321 1131 2393; x_wconf 79' lang='grc' dir='ltr'><em>ὀχυρὸς</em></span> 
     </span>
     <span class='ocr_line' id='line_1_21' title="bbox 111 2391 1132 2465; baseline 0.001 -18"><span class='ocrx_word' id='word_1_179' title='bbox 111 2393 182 2459; x_wconf 85' lang='grc' dir='ltr'><em>πρὸς</em></span> <span class='ocrx_word' id='word_1_180' title='bbox 204 2391 333 2448; x_wconf 68' lang='grc' dir='ltr'><em>αὐτόνν</em></span> <span class='ocrx_word' id='word_1_181' title='bbox 358 2425 392 2434; x_wconf 95' lang='grc'>-</span> <span class='ocrx_word' id='word_1_182' title='bbox 419 2395 485 2462; x_wconf 74' lang='lat' dir='ltr'><strong>post</strong></span> <span class='ocrx_word' id='word_1_183' title='bbox 508 2393 628 2448; x_wconf 71' lang='grc' dir='ltr'><em>ἄελπτον</em></span> <span class='ocrx_word' id='word_1_184' title='bbox 651 2391 682 2446; x_wconf 89' lang='lat' dir='ltr'><em>in</em></span> <span class='ocrx_word' id='word_1_185' title='bbox 704 2393 742 2448; x_wconf 83' lang='lat' dir='ltr'><em>H:</em></span> <span class='ocrx_word' id='word_1_186' title='bbox 771 2391 785 2446; x_wconf 92' lang='lat'><em>6</em></span> <span class='ocrx_word' id='word_1_187' title='bbox 810 2393 842 2448; x_wconf 73' lang='grc' dir='ltr'><em>δὲ</em></span> <span class='ocrx_word' id='word_1_188' title='bbox 866 2392 949 2463; x_wconf 80' lang='grc' dir='ltr'><em>χορός</em></span> <span class='ocrx_word' id='word_1_189' title='bbox 971 2411 1041 2462; x_wconf 85' lang='grc' dir='ltr'><em>φησι</em></span> <span class='ocrx_word' id='word_1_190' title='bbox 1059 2394 1132 2465; x_wconf 79' lang='grc' dir='ltr'><em>πρὸς</em></span> 
     </span>
     <span class='ocr_line' id='line_1_22' title="bbox 112 2463 1131 2535; baseline 0.003 -17"><span class='ocrx_word' id='word_1_191' title='bbox 112 2464 212 2519; x_wconf 85' lang='grc' dir='ltr'><em>αότόν·</em></span> <span class='ocrx_word' id='word_1_192' title='bbox 231 2465 281 2520; x_wconf 87' lang='grc' dir='ltr'><em>τὸν</em></span> <span class='ocrx_word' id='word_1_193' title='bbox 300 2465 435 2520; x_wconf 80' lang='grc' dir='ltr'><em>ναυτικὸν</em></span> <span class='ocrx_word' id='word_1_194' title='bbox 453 2465 532 2535; x_wconf 82' lang='grc' dir='ltr'><em>ἡμῶν</em></span> <span class='ocrx_word' id='word_1_195' title='bbox 551 2465 619 2519; x_wconf 79' lang='grc' dir='ltr'><em>λαὸν</em></span> <span class='ocrx_word' id='word_1_196' title='bbox 636 2463 686 2519; x_wconf 87' lang='grc' dir='ltr'><em>τὸν</em></span> <span class='ocrx_word' id='word_1_197' title='bbox 700 2463 861 2533; x_wconf 73' lang='grc' dir='ltr'><em>ἡττηθέντα</em></span> <span class='ocrx_word' id='word_1_198' title='bbox 874 2464 939 2535; x_wconf 80' lang='grc' dir='ltr'><em>περὶ</em></span> <span class='ocrx_word' id='word_1_199' title='bbox 952 2473 1008 2520; x_wconf 84' lang='grc' dir='ltr'><em>τῶν</em></span> <span class='ocrx_word' id='word_1_200' title='bbox 1023 2463 1131 2521; x_wconf 81' lang='grc' dir='ltr'><em>ἰαόνων</em></span> 
     </span>
     <span class='ocr_line' id='line_1_23' title="bbox 112 2532 1131 2607; baseline 0.002 -17"><span class='ocrx_word' id='word_1_201' title='bbox 112 2534 200 2606; x_wconf 78' lang='grc' dir='ltr'><em>λέγεις</em></span> <span class='ocrx_word' id='word_1_202' title='bbox 227 2532 298 2607; x_wconf 81' lang='grc' dir='ltr'>πῆμ’</span> <span class='ocrx_word' id='word_1_203' title='bbox 324 2536 452 2592; x_wconf 78' lang='grc' dir='ltr'><em>ἄελπτον.</em></span> <span class='ocrx_word' id='word_1_204' title='bbox 494 2536 509 2590; x_wconf 92' lang='lat'><em>6</em></span> <span class='ocrx_word' id='word_1_205' title='bbox 538 2534 569 2591; x_wconf 85' lang='grc' dir='ltr'><em>δέ</em></span> <span class='ocrx_word' id='word_1_206' title='bbox 597 2553 668 2605; x_wconf 86' lang='grc' dir='ltr'><em>φησι</em></span> <span class='ocrx_word' id='word_1_207' title='bbox 694 2535 765 2605; x_wconf 83' lang='grc' dir='ltr'><em>πρὸς</em></span> <span class='ocrx_word' id='word_1_208' title='bbox 793 2533 893 2604; x_wconf 77' lang='grc' dir='ltr'><em>αὐτόν,</em></span> <span class='ocrx_word' id='word_1_209' title='bbox 926 2533 968 2590; x_wconf 84' lang='grc' dir='ltr'><em>δτι</em></span> <span class='ocrx_word' id='word_1_210' title='bbox 994 2544 1131 2593; x_wconf 79' lang='grc' dir='ltr'><em>τυσοῦτον</em></span> 
     </span>
    </p>
   </div>
   <div class='ocr_carea' id='block_1_6' title="bbox 111 2604 1130 2750">
    <p class='ocr_par' dir='ltr' id='par_1_9' title="bbox 111 2604 1130 2750">
     <span class='ocr_line' id='line_1_24' title="bbox 113 2604 1130 2680; baseline 0.002 -20"><span class='ocrx_word' id='word_1_211' title='bbox 113 2605 192 2673; x_wconf 78' lang='grc' dir='ltr'><em>ἔδοξε</em></span> <span class='ocrx_word' id='word_1_212' title='bbox 212 2613 268 2662; x_wconf 79' lang='grc' dir='ltr'><em>κτλ.</em></span> <span class='ocrx_word' id='word_1_213' title='bbox 294 2639 326 2648; x_wconf 92' lang='lat'><em>—</em></span> <span class='ocrx_word' id='word_1_214' title='bbox 355 2615 372 2661; x_wconf 87' lang='grc'>4</span> <span class='ocrx_word' id='word_1_215' title='bbox 394 2604 465 2680; x_wconf 84' lang='grc' dir='ltr'><strong><em>πῆμ’</em></strong></span> <span class='ocrx_word' id='word_1_216' title='bbox 487 2608 540 2662; x_wconf 88' lang='lat' dir='ltr'><em>Dd.</em></span> <span class='ocrx_word' id='word_1_217' title='bbox 566 2639 596 2647; x_wconf 90' lang='lat'><em>—-</em></span> <span class='ocrx_word' id='word_1_218' title='bbox 628 2617 710 2678; x_wconf 78' lang='grc' dir='ltr'><strong><em>ὁμου</em></strong></span> <span class='ocrx_word' id='word_1_219' title='bbox 727 2606 812 2678; x_wconf 86' lang='lat' dir='ltr'>vulgo</span> <span class='ocrx_word' id='word_1_220' title='bbox 832 2622 885 2661; x_wconf 90' lang='lat' dir='ltr'><em>om.</em></span> <span class='ocrx_word' id='word_1_221' title='bbox 911 2639 944 2648; x_wconf 96' lang='lat'>-</span> <span class='ocrx_word' id='word_1_222' title='bbox 973 2615 1054 2663; x_wconf 81' lang='grc' dir='ltr'><em>τοῦτο</em></span> <span class='ocrx_word' id='word_1_223' title='bbox 1075 2625 1130 2662; x_wconf 89' lang='lat' dir='ltr'><em>om.</em></span> 
     </span>
     <span class='ocr_line' id='line_1_25' title="bbox 111 2677 754 2750; baseline 0.002 -20"><span class='ocrx_word' id='word_1_224' title='bbox 111 2677 192 2733; x_wconf 89' lang='lat' dir='ltr'>Dd.V</span> <span class='ocrx_word' id='word_1_225' title='bbox 210 2711 245 2720; x_wconf 98' lang='lat'><em>-</em></span> <span class='ocrx_word' id='word_1_226' title='bbox 266 2687 280 2735; x_wconf 75' lang='lat'><strong>7</strong></span> <span class='ocrx_word' id='word_1_227' title='bbox 299 2687 380 2734; x_wconf 84' lang='grc' dir='ltr'><em>τοῦτο</em></span> <span class='ocrx_word' id='word_1_228' title='bbox 401 2679 432 2734; x_wconf 73' lang='grc' dir='ltr'><em>δὲ</em></span> <span class='ocrx_word' id='word_1_229' title='bbox 448 2724 453 2735; x_wconf 92' lang='grc'>.</span> <span class='ocrx_word' id='word_1_230' title='bbox 470 2685 608 2750; x_wconf 76' lang='grc' dir='ltr'><em>,προεῖπε</em></span> <span class='ocrx_word' id='word_1_231' title='bbox 628 2695 682 2733; x_wconf 88' lang='lat' dir='ltr'><em>om.</em></span> <span class='ocrx_word' id='word_1_232' title='bbox 697 2678 754 2732; x_wconf 86' lang='lat' dir='ltr'><em>VH</em></span> 
     </span>
    </p>
   </div>
   <div class='ocr_carea' id='block_1_7' title="bbox 0 0 1220 3856">
    <p class='ocr_par' dir='ltr' id='par_1_10' title="bbox 0 0 1220 3856">
     <span class='ocr_line' id='line_1_26' title="bbox 0 0 1220 3856; baseline 0 0"><span class='ocrx_word' id='word_1_233' title='bbox 0 0 1220 3856; x_wconf 95' lang='lat' dir='ltr'><em> </em></span> 
     </span>
    </p>
   </div>
  </div>
 </body>
</html>
