2430 3856
440 170 479 220 IN
498 171 530 221 v.
549 173 699 222 ιιι-ινα.
1035 166 1076 230 79

60 339 133 413 φῶς
142 329 182 395 V.
202 328 235 406 ἐς
248 331 286 396 τὸ
300 330 342 395 Η.
357 368 398 377 -
419 331 484 396 226
503 331 543 394 τά
597 331 662 396 226
699 331 740 394 τά
781 327 818 395 δὲ
859 330 943 400 κακὰ
983 352 1080 394 ιιατα-

59 437 145 501 nau&
177 434 215 502 δὲ
246 433 302 502 καὶ
335 437 376 500 τά
408 437 543 502 ἐναντία
597 435 761 520 σχεθέντα
775 435 874 521 (κακά
889 437 930 502 τὰ
944 433 1080 520 σχεθέν-

58 547 189 609 τούτων
216 554 284 610 τῶν
311 543 451 626 ἀγαθῶν
477 541 543 607 ὑπὸ
596 566 637 608 τα
660 567 707 620 ιιι,
735 565 816 609 corr.
837 543 991 628 Weilius)
1014 541 1080 607 ῦτιὸ

58 660 117 734 τῆς
135 660 196 734 γῆς
212 650 288 737 (τὴν
306 659 371 734 γῆν
384 646 431 736 V)
445 672 543 713 κατα·
597 659 654 734 τῆς
680 658 742 734 γῆς
775 650 1007 736 ἀφανισθῆναι
1033 658 1080 737 τῷ

60 756 225 841 σχεθέντα
239 757 280 822 V.
297 793 335 804 -
354 758 395 821 τά
410 755 544 821 ἐναντία
598 760 714 844 σκότῳ.
742 795 778 806 -
1104 746 1107 753 ’

58 863 194 930 HBGL
228 863 282 949 (τά
314 887 377 930 om.
409 863 468 949 H).
500 901 545 909 -
586 878 587 882 ’

58 983 127 1038 τῶν
168 971 308 1054 ἀγαθῶν
348 969 460 1036 HGL.
503 1007 542 1017 —

59 1082 263 1163 κατεχόμενα
279 1075 379 1142 HGL
399 1073 454 1162 (τὰ
473 1075 544 1140 add.
586 1146 589 1151 Α

59 1184 109 1273 L).
148 1224 189 1231 -
238 1166 472 1269 ἀφανισθῆναι
503 1181 544 1246 V.

59 1293 282 1382 ἀφανίζεσθαι
304 1289 445 1354 HBGL.
474 1325 510 1336 -

59 1401 124 1465 227
148 1399 212 1464 άτιὸ
235 1402 398 1481 λογισμοῦ
416 1393 472 1460 καὶ
491 1394 543 1460 ἐν·
598 1399 661 1464 227
677 1399 900 1483 θυμόμαντιςτ
920 1397 961 1462 οὐ
979 1398 1080 1482 φύσει
1133 1382 1136 1386 A

59 1509 238 1591 θυμήσεως
260 1504 300 1569 V.
336 1497 395 1586 ἀφ’
422 1501 543 1568 ἑαυτοῦ
597 1506 724 1590 μάντις,
747 1500 818 1570 ἀλλ’
837 1503 902 1569 άιιὸ
916 1508 1079 1586 λογισμοῦ

59 1613 278 1696 λογισάμενος
300 1609 341 1675 Η.
377 1609 418 1674 οὐ
442 1611 543 1692 φύσει
597 1615 722 1698 κρίνων
749 1609 805 1676 καὶ
834 1611 913 1692 [ὑπὸ
937 1611 1008 1674 add.
1031 1612 1078 1690 m]

59 1720 208 1804 (φύσεως
234 1715 319 1803 cod.)
342 1716 460 1801 μάντις
484 1716 542 1798 ὥν,
598 1718 823 1804 ἐνθυμήσεως.
849 1754 887 1764 -

59 1821 131 1893 ἀλλ’
159 1826 258 1912 (ἀλλὰ
286 1822 369 1906 cod.)
398 1822 462 1887 άτιὸ
490 1827 558 1898 λοη

58 1943 183 2018 γισμοῦ
196 1935 303 2017 μόνον
321 1927 377 1994 καὶ
396 1928 543 2012 ἐνθυμή-

59 2058 143 2117 σεως
165 2043 291 2124 κρίνων
309 2037 345 2101 L.
375 2037 482 2119 ἤγουν
502 2036 543 2101 οῦ

57 2147 156 2232 τέχνῃ
172 2148 289 2232 μάντις
306 2145 364 2225 ὥν,
386 2140 459 2207 ἀλλ’
479 2141 543 2208 άιιὸ

59 2259 223 2338 λογισμοῦ
269 2254 376 2335 μόνον
421 2248 544 2336 (μόνον

59 2360 145 2444 cod.)
165 2358 221 2425 καὶ
240 2357 457 2441 ἐνθυμήσεως
474 2360 543 2440 κρί-

58 2490 130 2533 νων
164 2464 311 2549 marg.G.
356 2466 463 2547 ἤγουν
502 2463 544 2528 οὐ

58 2572 156 2660 τέχνῃ
197 2574 314 2656 μάντις
347 2570 443 2656 gffi.
503 2571 544 2635 οὐ

57 2680 155 2766 τέχνῃ
182 2680 309 2765 μάντις,
334 2675 406 2743 ἀλλ’
430 2676 466 2742 ἐκ
489 2681 544 2742 λο-

57 2796 184 2872 γισμοῦ
206 2789 333 2871 κρίνων
347 2784 383 2849 Β.
399 2821 441 2832 -
465 2801 543 2849 συν-

57 2896 245 2978 εβούλευσα
260 2892 298 2957 V.
317 2929 355 2940 -
376 2894 441 2958 228
461 2912 544 2956 ιταυ-

48 3005 153 3085 tam]
190 3009 231 3064 οῦ
261 3022 358 3085 super
385 3008 406 3081 ῆ
433 2998 475 3063 Η.
500 3034 543 3045 -

55 3107 132 3194 περὶ
162 3108 292 3173 τούτων
314 3104 354 3170 V.
380 3142 418 3154 -
455 3103 543 3170 ἐλατί-

56 3219 156 3300 ζομεν
180 3214 220 3279 V.
247 3252 285 3260 —
