2430 3856
484 186 523 236 IN
542 185 573 236 V.
593 187 743 237 586-597.

101 354 241 421 νοῦντες
258 345 296 412 V.
318 383 357 392 —
379 347 444 411 586
465 347 586 430 δηλον-

101 453 153 516 ότι
168 451 205 516 τὸ
220 454 391 535 αερίγειον
406 452 584 517 ‹520st-

100 557 176 623 άνιὶ
209 567 270 623 τοῦ
305 560 455 642 ἥκουσαν
477 560 517 624 V.
542 598 584 607 -

100 666 165 731 587
182 666 279 731 άλλοι
293 662 331 731 δὲ
346 665 477 749 Πέρσαι
487 667 526 733 V.
546 704 581 713 -

99 774 178 855 γᾶν]
211 797 232 856 η
265 774 352 837 infra
385 796 450 839 acc.
473 775 514 838 V.
543 811 581 821 -

101 879 179 961 δὴν]
199 877 274 945 ἀντὶ
292 889 353 945 τοῦ
373 878 427 946 ἐπὶ
445 882 532 945 πολὺ
543 879 583 944 V.

100 1023 143 1032 —
159 985 224 1052 588
243 987 326 1050 κατὰ
345 990 425 1064 τοὺς
439 991 583 1068 Περσῶν
638 987 703 1054 588
734 987 799 1052 ὑπὸ
830 993 974 1071 Περσῶν
1001 989 1122 1073 ἄρχον-

99 1096 226 1178 νόμονς
263 1094 454 1177 διάγουσιν·
496 1094 583 1159 άπώ-
636 1117 700 1159 ται.
723 1132 759 1140 -

99 1204 200 1264 λοντο
218 1201 292 1285 γάρ.
312 1200 414 1266 BGL.
434 1238 472 1248 —
491 1205 584 1285 βασι-

99 1306 256 1371 λεύονται
278 1307 316 1371 V.
338 1346 378 1354 -
404 1309 469 1374 589
492 1312 582 1393 μερί-

100 1416 203 1495 ζουσι,
227 1411 303 1498 τέλη
329 1415 463 1481 διδόασι
482 1414 521 1480 V.
543 1454 579 1462 -

98 1520 165 1586 590
189 1519 361 1603 ἀνάγκαις]
385 1519 515 1598 vacg'V.
540 1559 582 1568 —-

98 1626 163 1691 591
190 1629 237 1704 εἰς
259 1629 321 1712 τὴν
345 1629 385 1694 V.
411 1665 450 1675 -
480 1645 582 1712 ποοσ-

97 1743 280 1812 κυνοῦντες
302 1735 343 1800 V.
382 1738 456 1819 ἤτοι
479 1751 582 1818 ποοσ-

97 1850 280 1918 κυνοῦντες
294 1839 524 1928 (προσκυνοῦν
539 1839 582 1929 G)

97 1948 158 2013 τὸν
182 1948 293 2013 αὑτῶν
312 1948 443 2033 (αὐτῶν
458 1949 500 2035 Β)
522 1953 582 2032 βα-

97 2053 192 2120 σιλέα
221 2054 323 2121 BGL.
355 2094 392 2102 -
427 2057 493 2122 592
526 2054 581 2122 καὶ
637 2055 702 2119 592
717 2055 908 2120 τὰτοιαῦτα
924 2053 1120 2138 αάντακιη-

97 2163 338 2227 ὑποκλίνονιαι
367 2160 581 2248 (ὑποκλίνον-
635 2163 710 2227 νικά
733 2162 863 2246 μακρὸν
886 2164 953 2246 ἔχει
973 2161 1011 2226 τὸ
1031 2162 1061 2226 ἆ.
1077 2198 1119 2207 -

96 2293 151 2334 ται
164 2271 198 2333 in
213 2267 463 2354 ras.)V.-593
473 2271 581 2353 ἤγουν
636 2269 732 2354 (591)
774 2269 812 2333 αί
844 2268 909 2352 γάρ
952 2271 1118 2351 βασιλεῖαι

97 2376 115 2441 ὁ
139 2377 311 2459 βασιλικὸς
329 2377 469 2461 στρατὸς
484 2376 523 2443 V.
537 2414 580 2424 -
636 2377 750 2460 έχουσι
773 2382 883 2440 τοῦτο.
905 2411 943 2421 -

96 2484 164 2550 594
187 2481 257 2547 ἐστὶ
283 2484 455 2568 δηλονότι,
484 2506 581 2569 super
636 2482 702 2546 594
726 2479 850 2546 οὐδένα
878 2482 942 2566 γάρ
967 2483 1118 2547 δεδίασιν

95 2591 182 2676 quod
211 2591 319 2674 ἤγουν
347 2591 384 2656 ἐν
406 2590 580 2674 ααραπτώ-
635 2589 671 2654 οδ
685 2588 829 2671 ὑπήκοοι
848 2590 906 2654 ἔτι.
929 2588 1119 2674 ἠλευθέρω-

96 2720 175 2781 ματι
203 2697 401 2781 εὑρίσκομεν
428 2697 489 2762 τὸν
513 2695 580 2782 (εὑ-
634 2720 687 2762 ται
715 2690 779 2762 οὖν
804 2695 916 2762 αὐτῶν
938 2696 959 2780 ἡ
982 2700 1117 2780 γλῶσσα

96 2807 297 2890 ρισκόμενον
326 2801 410 2890 cod.)
442 2803 581 2887 βασιλέα
634 2805 718 2890 πρὸς
740 2806 777 2870 τὸ
800 2815 1000 2889 κακηγορεῖν
1024 2806 1117 2886 βασι-

95 2912 136 2977 V.
163 2949 201 2958 —
227 2909 323 2976 *ιῶν
347 2912 522 2996 <βροι>ῶν
540 2912 580 2976 V.
634 2910 703 2977 λέα.
726 2951 762 2961 -

96 3056 137 3067 -
154 3020 220 3085 595
234 3015 463 3103 ἠλευθέρωιαι
480 3017 522 3083 V.
537 3056 579 3065 —

95 3127 161 3192 596
172 3127 299 3210 βάζειν]
311 3127 395 3190 ὥστε
403 3125 473 3208 GV,
484 3148 580 3210 super

95 3234 182 3318 quod
200 3232 310 3316 λέγειν
330 3239 363 3298 εἴ
379 3256 412 3297 ιι
430 3230 525 3297 θέλει
538 3232 579 3298 V.

98 3376 136 3388 -
159 3340 222 3405 597
243 3338 313 3406 ἐπεὶ
330 3339 436 3406 VBG.
459 3377 498 3386 -
523 3338 580 3406 καὶ
634 3338 699 3405 597
723 3338 743 3420 ἡ
768 3337 919 3419 ἀλκή.-

96 3449 194 3513 έλυσε
207 3446 249 3514 V.
262 3484 305 3494 -
325 3447 440 3530 ζυγὸν]
464 3448 525 3512 τὸν
539 3445 579 3512 V.

97 3550 208 3640 ἀλκᾶς]
231 3577 368 3640 γοογοι
387 3579 409 3621 α
428 3558 463 3622 et
484 3577 583 3643 super
