2430 3856
139 160 202 223 142
567 161 724 214 SCHOLIA

203 324 322 407 436sq.
361 324 397 387 αἳ
418 324 465 386 αῖς
490 333 555 406 φεῦ
578 332 652 406 φεῦ,
677 320 759 406 μέγα
782 321 925 406 πέλαγος
947 333 1015 389 τῶν
1038 337 1153 391 κακῶν

135 428 257 514 ἐρράγη
272 441 342 507 τοῖς
357 427 503 515 Πέρσαις
521 427 576 494 καὶ
594 438 674 494 πᾶσι
690 439 760 505 τοῖς
775 430 963 515 βαρβάροις.
998 432 1153 519 εὔκαιρος

135 532 172 600 δὲ
195 535 215 618 ἡ
239 538 343 621 τροπη
368 536 432 601 ἀπὸ
455 547 523 602 τῶν
547 535 584 600 έν
606 536 740 619 πελάγει
764 537 1052 621 δυστυχησάντων.

207 700 219 746 1
242 691 276 748 αἴ
292 690 337 764 αῖ]
363 693 505 762 οαλςοθλ,
526 725 559 733 -
579 701 633 762 φεῦ
659 702 713 762 φεῦ
737 709 791 747 om.
812 695 869 748 VH
888 726 922 735 —
941 712 992 765 pro
1015 693 1150 767 πέλαγοςε

132 762 241 828 πένθος
263 763 347 833 vulgo
367 795 401 804 -
421 769 436 817 2
457 760 542 834 ἐράγη
563 763 589 816 Η
608 797 641 803 -
665 763 788 835 Πέρσαις
811 764 871 820 sine
897 768 948 820 art.
972 767 1149 837 vulgo‘Ddfl

133 867 166 876 —
186 842 202 889 3
221 853 272 904 pro
291 843 368 890 τῶν.
384 834 650 905 ,δυστυχησάντωνε
675 844 730 891 τῶν
755 835 784 890 ἐν
808 845 841 906 τῇ
865 835 996 909 θαλάοση
1018 839 1149 910 καμάτων

132 906 218 976 vulgo
240 908 303 974 VH,
322 906 378 960 nisi
396 907 470 976 quod
490 915 523 978 τῇ
542 908 628 975 vulgo
648 911 676 962 et
693 906 724 960 in
742 908 769 960 H
788 909 867 962 deest

198 1089 263 1154 438
302 1088 339 1152 εὐ
363 1097 427 1152 νῦν
445 1082 515 1154 τόθ’
534 1095 622 1154 λ’σθιε
645 1093 753 1166 καλῶς
776 1091 918 1171 γίνωσκε
937 1089 1072 1174 μηδέπω
1093 1087 1147 1176 ἐμὲ

132 1195 169 1259 τὸ
201 1195 305 1260 κακὸν
336 1204 435 1260 τοῦτο
468 1196 617 1279 μεσάσαι.
663 1197 746 1260 ὥστε
776 1199 851 1278 τρία
882 1195 902 1259 ἃ
931 1191 1026 1262 εἶπόν
1055 1200 1148 1264 είσιν.

133 1299 226 1366 οὔπω
250 1303 313 1387 γὰρ
336 1311 439 1367 ταῦτα
462 1300 613 1386 ἐμέσασα.
639 1300 877 1388 OP(Dd.)VH.

203 1465 218 1512 2
238 1461 317 1527 τρίτα
333 1458 388 1512 VH
406 1491 442 1500 -
461 1466 477 1512 3
497 1458 568 1515 οὕτω
584 1461 608 1512 Η
629 1492 660 1499 -
680 1467 769 1514 ταῦτα
789 1476 842 1515 om.
859 1459 961 1529 Pffld.)
977 1493 1010 1502 -
1029 1457 1146 1532 ἐμέσασε

129 1529 182 1583 Dd.
197 1561 230 1570 -
245 1530 285 1582 Ex
299 1530 321 1582 P
335 1531 398 1585 add.
413 1529 479 1586 Dd.:
500 1527 730 1586 ἐναπολέλειπται
746 1527 776 1585 δὲ
791 1531 822 1584 τὸ
839 1533 967 1602 δίμοιρον
982 1541 1032 1587 τοῦ
1047 1543 1145 1588 κακοῦ.

195 1713 261 1776 440
297 1715 439 1795 γίνωσκε
462 1712 537 1797 γάρ,
567 1711 617 1776 ὅτι
641 1712 702 1776 ὅσα
726 1707 821 1776 εἶπον
845 1713 980 1797 δίμοιρα
1004 1715 1101 1797 εἰσιν,
1126 1714 1145 1778 ἀ

129 1816 310 1903 ὑπέμειναν
340 1820 422 1883 κατὰ
453 1818 675 1902 ἀντισήκωσιν
706 1817 761 1883 καὶ
795 1818 1060 1904 ἀντιστάθμησιν
1094 1819 1145 1898 ἃλς

128 1927 209 1990 τόσα
234 1920 281 1990 ὧν
304 1920 399 1990 εἷπον
424 1927 520 2011 vulgo
530 1925 589 1989 Dd.

197 2071 214 2116 1
235 2062 287 2118 ὅσα
306 2061 386 2118 εἷπον
406 2064 449 2127 δὶς
466 2063 535 2119 τόσα
555 2062 626 2119 εἰσίν
644 2064 788 2133 vulgoDd.
804 2097 837 2104 -
853 2071 869 2117 2
888 2064 961 2119 κατὰ
979 2066 1079 2132 scripsi
1092 2085 1143 2137 pro

127 2135 203 2189 κακὰ
223 2166 255 2174 -
275 2134 319 2198 ἃλς
345 2135 415 2189 τόσα
444 2132 555 2205 έχοοσιν
579 2132 596 2202 ἢ
621 2133 673 2189 ὅσα
697 2133 778 2190 εἷπον
801 2135 895 2204 vulgo,
916 2167 948 2176 -
968 2135 1050 2190 ExP
1075 2138 1145 2193 haee

128 2206 209 2260 affert
227 2206 293 2260 Dd.:
318 2205 386 2261 ὥστε
405 2208 498 2261 τοῖσδε
521 2213 579 2269 τοῖς
601 2206 670 2276 παρ’
692 2203 759 2275 ἐμοῦ
784 2211 908 2276 λεχθεῖσι
931 2207 980 2261 καὶ
1003 2207 1048 2270 δὶς
1066 2209 1144 2264 ἀντι-

127 2287 250 2346 σηκῶσαι
269 2277 317 2332 καὶ
337 2278 562 2348 ἀντιοταθμῆσαι
581 2277 615 2332 τὰ
635 2274 882 2347 ἐναπολειφθέντα
901 2274 932 2333 ἐν
951 2287 984 2348 τῇ
1004 2276 1078 2350 ῥοπῇ
1095 2280 1144 2334 καί

125 2351 163 2422 τῷ
184 2352 309 2422 σταθμῷ.
346 2357 428 2404 τοῦτο
451 2349 505 2420 γὰρ
529 2352 609 2418 δηλοῖ
630 2349 661 2404 τὸ
681 2348 749 2404 ὥστε
773 2352 865 2404 τοῖσδε
890 2350 938 2404 καλ
963 2351 1006 2412 δίς
1029 2351 1144 2420 ἀντιση-

126 2429 215 2476 κῶσαι
239 2418 319 2492 ῥοπῇ.
357 2421 388 2475 τὸ
412 2418 443 2475 δέ
468 2419 559 2476 τοιοίδ’
582 2417 628 2476 ἐπ’
654 2422 757 2484 αὐτοὺς
779 2415 851 2489 ἦλθε
875 2422 1007 2491 συμφορὰ
1030 2421 1144 2486 πάθονς

128 2493 176 2548 διὰ
196 2490 281 2562 μέσον
305 2490 426 2562 ληπτέον
446 2494 530 2561 abque
548 2492 619 2546 haec
637 2511 663 2546 v.
682 2492 732 2546 ille
752 2493 778 2546 d.
799 2492 930 2546 adnotat:
959 2492 1027 2548 ὥστε
1048 2496 1142 2549 τοῖσδε

126 2597 160 2605 -
179 2563 311 2636 ληπτέον]
332 2565 369 2626 ὡς
391 2566 484 2619 τοῖσδε
508 2563 557 2618 καὶ
580 2562 624 2627 δὶς
643 2565 832 2633 ἀντισηκῶσαι
853 2562 886 2617 ἓν
911 2562 1029 2619 ἕκαστον
1049 2567 1142 2620 αὐτῶν

125 2645 158 2706 τῇ
178 2632 221 2702 (ἐν
240 2643 273 2706 τῇ
292 2636 325 2704 Ρ)
344 2632 416 2705 ῥοπῇ
436 2635 539 2707 καὶτῷ
560 2634 640 2707 βάρει
660 2639 788 2707 (σταθμῷ
808 2635 840 2703 Ρ)
859 2641 896 2706 τῷ
915 2644 968 2690 νῦν
986 2633 1056 2706 παρ’
1074 2633 1141 2707 ἐμοῦ

125 2705 256 2777 λεχθέντι
274 2707 425 2776 παθήματι
444 2704 505 2761 ἶσον
523 2706 597 2760 κατὰ
615 2706 709 2762 πάντα
728 2705 864 2776 γενέσθαι
880 2709 902 2761 0
922 2711 950 2760 eh
968 2706 1034 2762 inde
1054 2708 1091 2762 ab
1108 2706 1141 2762 ἓν

126 2777 244 2832 ἕκαστον
263 2778 293 2831 Ρ.
314 2809 346 2817 -
367 2780 399 2830 ln
419 2777 442 2829 V
461 2777 515 2830 hoo
535 2779 612 2832 extat
638 2780 738 2832 schola
764 2779 952 2846 ἀντισηκῶσαι
979 2780 1083 2849 κυρίως
1109 2780 1141 2834 τὸ

124 2848 285 2917 ἀνατρέψαι
304 2848 373 2903 λαὸν
397 2848 446 2902 καλ
468 2848 554 2904 πάλιν
573 2850 718 2920 ἀνεγεῖραι
737 2847 833 2904 αὐτόν.
871 2845 900 2914 ἐξ
924 2850 1011 2904 αὐτοῦ
1036 2848 1067 2906 δέ
1092 2850 1141 2904 καλ

124 2921 160 2976 τὰ
179 2929 280 2982 κοινῶς
298 2918 435 2991 λεγόμενα
453 2920 599 2990 ἀντίσηκα.

190 3085 253 3149 441
292 3083 346 3149 καὶ
375 3088 423 3162 τίς
451 3083 493 3149 ἀν
521 3085 603 3168 τύχη
631 3081 761 3166 γένοιτο
786 3081 912 3166 ἐχθίων
940 3082 995 3148 καὶ
1019 3090 1140 3169 χείρων

123 3189 178 3257 καὶ
201 3190 443 3277 περισσοτέρως
466 3190 670 3276 μεμισημένη
694 3191 829 3274 ταύτης;
857 3188 961 3269 λέξον.
1007 3185 1071 3255 τίν’
1097 3186 1140 3256 αὖ

123 3297 229 3383 λέγεις
251 3299 375 3383 ταύτην
400 3299 462 3382 την
484 3298 663 3382 συμφορὰν
683 3297 796 3362 ἐλθεῖν
816 3296 971 3381 ὁρμῶσαν
990 3297 1060 3381 <εές
1078 3299 1138 3382 τὰ)

123 3409 256 3491 μείζονα
279 3417 346 3471 τῶν
369 3417 488 3470 κακῶν.
513 3405 676 3490 vulgoDd.

180 3553 196 3598 1
217 3545 269 3600 καί
283 3547 393 3619 χείρων
413 3563 468 3603 om.
487 3544 551 3611 Dd.‚
573 3540 678 3618 ἐχθίων
698 3546 797 3616 χείρων
815 3543 918 3612 ταύτης
938 3544 1024 3610 vulgo
