2430 3856
71 229 73 233 ,
86 180 176 230 XLVI
489 182 701 234 PRAEFATIO.

90 350 151 407 τοῦ
175 339 307 425 φύλλου
335 342 380 419 ὡς
406 345 602 425 πρασινλζον
625 341 857 427 ἐμφαίνεσθαι.
904 345 969 409 sch.
989 345 1018 409 A
1039 347 1107 412 820

88 448 204 514 διὰτὸ
228 449 347 534 ἄπειροι
370 444 464 514 εἶναι.
511 450 554 535 gl.
573 448 603 514 V
623 451 664 514 37
695 450 810 514 διὰτὸ
834 449 1033 516 ἀνακεῖσθαι
1056 461 1103 539 τῷ

88 553 172 642 ἡλίῳ
198 549 298 640 (quod
322 557 369 621 sic
392 556 533 620 mutavit
552 555 764 640 Byzantinus:
789 559 858 622 ἔστι
882 555 996 623 δὲκαὶ
1019 560 1103 645 αὕτη

86 671 132 751 τῷ
156 663 239 750 ἡλίῳ
263 660 527 748 concellaneus).

156 770 239 846 Quid
266 791 357 854 veru,
387 771 472 852 quod
502 771 569 837 sch.
586 769 618 836 A
638 773 679 837 88
711 776 744 835 et
767 771 919 858 g1.V91
944 773 1104 840 habemus

86 886 251 961 τροπικῶς
268 876 331 960 τὴν
348 876 541 962 προσβολὴν
559 887 627 942 τῶν
647 883 799 963 Περσῶν,
819 879 853 944 in
867 879 902 943 M
919 880 981 963 τὴν
999 861 1103 966 προσζ

86 985 192 1068 βολὴν
214 993 282 1048 τῶν
304 983 470 1069 Περοῶνῖ
516 985 631 1049 Nonne
656 987 735 1050 illud
758 997 922 1072 τροπικῶς
944 987 1028 1050 idem
1054 992 1104 1052 est

89 1091 175 1176 quod
213 1089 248 1154 M
284 1093 420 1176 praebet
456 1093 522 1157 sch.
554 1092 662 1159 Prom.
693 1094 764 1159 156.
794 1096 868 1160 718.
910 1091 997 1178 Sept
1026 1095 1103 1161 588.

86 1198 182 1264 Eum.
201 1198 289 1264 558?
328 1198 412 1264 Item
442 1200 527 1284 quod
555 1201 621 1265 sch.
644 1201 674 1264 A
694 1201 760 1266 483
788 1201 911 1285 legitur
937 1212 1104 1286 τροπικῶς

87 1303 151 1370 ἀπὸ
174 1317 241 1370 τῶν
265 1305 301 1370 ἐν
325 1317 462 1390 χειμῶνι
489 1309 658 1371 πλεόντων
687 1309 740 1372 ὅτε
767 1319 922 1392 φυσῶσιν
950 1305 1103 1392 ὀλέθριοι

87 1413 218 1496 ἄνεμοι,
245 1434 353 1478 nonne
381 1414 540 1496 optimum
569 1415 640 1478 cst?
689 1414 782 1479 Nihil
810 1414 848 1479 de
876 1421 971 1499 tropo
998 1413 1034 1478 in
1058 1416 1102 1481 M.

153 1519 244 1586 Haec
272 1521 311 1585 de
341 1521 491 1585 universa
522 1521 720 1588 scholiorum
748 1523 884 1588 ratione.
928 1521 1101 1587 Praeterea

89 1627 290 1712 singularum
324 1649 438 1693 vocum
480 1628 770 1712 interpretamenta
807 1630 921 1695 afferre
957 1651 1101 1714 possum,
1140 1629 1142 1631 ’

86 1757 169 1819 quac
192 1755 384 1800 consensum
413 1735 645 1819 glossematum
668 1733 704 1800 M
731 1740 764 1800 ct
791 1737 972 1821 glossarum
995 1735 1100 1820 Hesy-

22 1832 24 1837 ⁴
86 1841 150 1906 chii
174 1843 375 1926 aliorumque
398 1843 586 1926 praebeant,
610 1847 707 1927 atquc
731 1847 852 1908 struem
875 1845 1003 1928 quidem
1024 1867 1099 1928 pos·

86 1970 159 2013 sum
188 1949 354 2032 spinosam
386 1950 596 2015 accumulare.
643 1947 704 2013 sed
737 1949 871 2032 desisto,
904 1972 975 2015 cum
1003 1952 1099 2034 plane

85 2055 257 2119 obscurum
282 2055 334 2139 sit,
358 2056 435 2140 quid
459 2078 497 2120 ex
521 2055 697 2139 archetypo
722 2055 958 2141 depromptum,
983 2058 1059 2143 quid
1080 2082 1099 2123 a

84 2160 226 2224 librariis
250 2183 329 2226 recc.
354 2162 500 2228 codicum
523 2184 540 2226 e
564 2162 677 2227 lexicis
700 2161 853 2226 haustum
878 2163 929 2228 sit.

152 2265 215 2332 Sed
246 2267 308 2333 hoc
341 2268 661 2333 animadvertendum
694 2271 744 2331 est
775 2267 941 2333 vilissimis
971 2293 1100 2356 quoque

84 2374 300 2440 recentiorum
318 2376 477 2440 librorum
496 2375 713 2460 glossematis,
734 2374 817 2439 unde
836 2375 898 2440 viri
917 2377 1004 2441 docti
1024 2399 1098 2441 con-

83 2485 243 2566 temptum
266 2482 397 2548 illorum
420 2482 551 2546 haurire
575 2482 689 2566 solent,
711 2502 777 2546 non
796 2483 901 2548 solum
921 2484 955 2548 in
973 2481 1017 2568 M,
1041 2487 1097 2550 sed

84 2589 183 2654 ctiam
207 2591 240 2653 in
265 2589 440 2671 archetypo
465 2588 584 2651 similia
608 2588 730 2653 tradita
755 2611 835 2655 csse.

148 2693 235 2761 Nam
258 2699 295 2758 ut
317 2717 347 2759 v.
366 2695 431 2760 538
456 2694 491 2757 in
510 2693 541 2758 V
559 2694 621 2778 τὴν
644 2697 754 2781 πόλιν,
777 2697 812 2761 in
833 2696 860 2762 G
880 2701 978 2764 πόλιν
998 2722 1098 2784 supra

83 2803 167 2866 ἄστυ
191 2803 357 2866 exaratum
382 2804 440 2883 est,
463 2800 510 2864 ita
534 2801 568 2864 in
591 2801 625 2865 M
650 2800 737 2887 Sept.
756 2805 821 2870 332

212 2940 415 3028 κορκορυγαὶ
439 2939 469 3008 δ’
496 2940 548 3008 ἀν’
575 2945 670 3028 ἄστυ,
693 2943 769 3010 ποτὶ
791 2949 908 3014 πτόλιν
933 2947 963 3012 δ’

83 3109 142 3171 pro
167 3108 204 3151 eo
228 3086 358 3173 legitur,
381 3090 467 3172 quod
490 3088 698 3153 Hermannus
721 3089 879 3156 restituit:

270 3210 472 3299 κορκορυγαὶ
496 3211 526 3277 c’
554 3207 605 3278 ἀν’
632 3213 726 3296 ἄστυ,
750 3217 848 3298 πρότι
872 3210 914 3280 δ’.

82 3337 200 3424 Itaque
223 3338 308 3404 idem
332 3339 496 3425 glossema
518 3338 553 3404 in
576 3342 703 3403 textum
727 3339 854 3405 illatum
878 3343 936 3406 est.

149 3445 233 3510 Tum
264 3450 301 3511 ut
337 3446 371 3511 in
403 3444 434 3510 V
468 3445 646 3532 ceterisque
682 3445 773 3511 codd.
805 3445 933 3529 saepius
966 3448 1096 3514 articuli

83 3574 182 3638 supra
200 3575 293 3620 voces
312 3553 412 3638 positi
431 3557 517 3640 sunt,
534 3553 581 3618 ita
600 3551 753 3618 articulus
768 3551 801 3616 in
816 3549 851 3616 M
864 3550 972 3621 Prom.
986 3577 1015 3621 v.
1030 3556 1095 3624 977
