2430 3856
550 169 707 223 SCHOLIA

187 541 252 607 744
298 539 370 608 ἀλλ’
393 543 474 608 ὅταν
502 544 629 630 σπεύδη
658 567 720 621 τιςε
750 544 830 609 ὅταν
859 545 987 631 σπεύδῃ
1016 568 1066 622 τις
1092 548 1140 623 εἰς

116 649 202 715 καλά
225 647 245 734 ή
270 650 318 726 εἰς
340 649 438 732 κακά,
467 649 484 714 ὁ
513 652 594 727 θεὸς
625 649 713 738 αὐτῷ
738 652 1070 735 συνεπιλαμβάνεται.
1115 652 1136 736 ή

118 755 199 820 ὅταν
227 753 281 822 έπὶ
307 756 349 820 τά
375 759 473 842 χείρω
504 755 688 841 ἐπείγηται,
716 759 790 822 τότε
813 758 1059 842 συνεφάπτεται
1081 757 1137 824 καὶ

118 866 347 946 σννεπείχεται
375 863 464 950 αὐτῷ
493 862 549 928 καλ
572 863 592 947 ή
614 858 745 947 Ἐρινὺς
767 864 788 948 ή
811 867 1012 950 τιμωρητική
1035 865 1138 950 καλή

88 971 241 1055 σέφορος
263 979 331 1033 τῶν
353 981 465 1035 κακῶν
487 972 577 1047 θεός.

189 1109 324 1162 llemma
338 1107 436 1162 addidi
451 1124 484 1162 ex
494 1109 520 1162 H
540 1142 572 1150 -
591 1127 642 1179 pro
658 1110 747 1165 altero
763 1109 844 1165 ὅτανε
860 1109 920 1164 ἀλλ’
933 1111 1002 1166 ὅταν
1014 1112 1134 1168 Dd.V-

116 1200 158 1242 τις
176 1175 193 1247 ή
214 1178 254 1243 εἰς
276 1179 350 1235 καλά
368 1181 486 1248 vulgoH
511 1213 543 1220 -
568 1187 583 1234 2
612 1181 700 1238 καλὸν
728 1183 757 1236 et
785 1183 875 1237 κακὸν
901 1183 955 1239 Dd.
983 1215 1013 1224 -
1046 1185 1134 1243 αὐτοῦ

115 1250 214 1322 (αὐτὸν
233 1253 270 1319 Η)
290 1247 510 1376 ἐπιλαμβάνεται
527 1251 732 1321 vulgoDd.VH
765 1285 797 1293 -
831 1263 846 1307 3
872 1252 940 1309 ὅταν
963 1275 1005 1316 τις
1023 1255 1081 1308 VH
1101 1289 1130 1296 -

115 1321 165 1376 καλ
188 1320 383 1378 σονέπεταιλλ
420 1364 428 1391 ,
456 1322 506 1378 καλ
525 1322 696 1379 συνάπτεται
714 1325 799 1393 vulgo
827 1357 860 1365 -
889 1326 1000 1398 4αάτῷ
1019 1325 1036 1395 ἡ
1056 1328 1082 1381 Η
1101 1359 1131 1367 -

112 1389 242 1464 Ἐριννὺς
263 1393 410 1464 vulgoVH
437 1426 469 1434 —
495 1397 561 1462 post
588 1415 696 1464 τιμωρε
725 1396 844 1466 δύναμις
871 1396 920 1451 καὶ
947 1395 1052 1468 ἔφορος
1079 1407 1134 1453 τῶν

115 1474 212 1520 κακῶν
229 1467 264 1532 Η,
288 1465 338 1520 καλ
357 1463 460 1535 ἔφορος
478 1472 533 1520 τῶν
552 1469 631 1521 θεῶν
650 1469 715 1535 δίκη
734 1467 760 1520 V

184 1629 247 1695 745
293 1631 401 1694 ἔοικεν
425 1628 608 1712 εὑρεθῆναι
630 1627 686 1694 καὶ
709 1629 910 1714 ἀνοιχθῆναι
933 1641 1003 1707 τοῖς
1022 1634 1134 1715 φίλοις

114 1733 237 1800 άπασιν
262 1735 343 1819 ἐμοῦ
365 1735 385 1819 ή
410 1747 481 1801 τῶν
501 1747 612 1801 κακῶν
635 1737 733 1819 πηγή.
780 1738 900 1813 άλλως·
929 1738 973 1814 ὡς
999 1737 1020 1821 ἡ
1044 1740 1132 1823 πηγή

114 1844 151 1908 τὸ
184 1839 246 1928 μὲν
277 1852 338 1908 τοῦ
369 1843 492 1918 ὕδατος
524 1841 742 1925 ἀναδίδωσιν,
775 1845 856 1909 ἀλλο
889 1841 927 1909 δὲ
954 1842 1023 1929 μετ’
1051 1847 1131 1911 αὐτὸ

115 1948 303 2034 ἀναβλύζει,
328 1949 414 2015 ούτω
438 1947 493 2014 καὶ
517 1948 675 2016 ἐνταῦθα.
724 1951 888 2035 vulgoDd.

187 2095 201 2142 1
221 2087 270 2142 καλ
289 2088 463 2157 ἀνοιχθῆναι
482 2086 568 2154 vulgo
589 2104 642 2144 om.
662 2119 696 2128 —
724 2096 739 2143 3
759 2089 790 2144 τδ
809 2087 861 2159 μὲν
880 2090 996 2145 δίδωσιν
1016 2090 1082 2145 ἄλλο
1102 2089 1131 2144 δ’

114 2159 265 2231 ἀναβλύζει
284 2156 367 2229 (ούτω
387 2158 438 2213 καλ
457 2153 586 2213 ἐνταῦθα
605 2162 671 2229 om.)
687 2162 772 2232 vulgo

182 2324 244 2389 747
292 2322 382 2398 ὅστις
400 2318 660 2405 Ἑλλήσποντονε
685 2322 775 2400 ὅστις
799 2321 832 2410 (δ
851 2321 989 2410 Ξέρξης)
1013 2325 1130 2408 ήλπισε

113 2433 249 2516 σχήσειν
271 2426 326 2494 καὶ
344 2432 521 2515 κρατήσειν
541 2429 585 2506 ὡς
605 2431 729 2494 δοῦλον
749 2429 785 2494 ἐν
806 2433 940 2514 δεσμοῖς
958 2432 1018 2496 τὸν
1038 2432 1129 2516 ἱερὸν

107 2533 353 2624 Ἑλλήσποντον
380 2534 487 2624 (ἱερὸν
516 2532 552 2600 δὲ
575 2539 696 2602 τοῦτόν
720 2553 803 2622 φησι
827 2537 882 2600 διά
905 2538 942 2602 τὸ
967 2538 1129 2624 λδρύσθαι

112 2645 233 2710 αὐτόθι
267 2645 351 2720 Διὸς
384 2645 486 2729 λερόν,
519 2643 562 2721 ὡς
590 2642 764 2721 Μνασέας·
796 2642 817 2728 ή
850 2644 909 2709 τὸν
942 2643 1130 2730 ἀνειμένον,

84 2751 283 2817 εάκύλντον
314 2751 357 2826 ὡς
380 2750 439 2814 τὸν
464 2751 554 2836 ἱερὸν
579 2752 680 2834 ἰχθὺν
704 2748 883 2838 φέρεσθαι)
911 2749 966 2815 καλ
989 2753 1049 2817 τὸν
1072 2761 1129 2836 τής

110 2857 284 2941 θαλάσσης
309 2860 414 2924 τύπον
442 2857 636 2942 μετέπλαττε
664 2856 719 2922 καὶ
748 2860 794 2934 εἰς
822 2857 926 2942 ξηράν
950 2859 1127 2943 μετέβαλλε

183 3003 197 3050 1
216 2997 247 3051 in
264 2995 397 3052 lemmate
413 2994 443 3060 ὃς
457 2997 483 3053 Η
497 3029 529 3037 -
549 2996 645 3064 ἤλπιζε
657 2996 788 3052 VietNH
805 3030 834 3038 -
855 3004 870 3050 2
886 2996 935 3052 καλ
950 2993 981 3052 ἐν
995 2998 1081 3066 vulgo
1093 3030 1126 3038 —

110 3077 125 3125 3
146 3087 234 3140 φησιν
249 3069 274 3122 Η
290 3101 322 3109 -
338 3067 532 3138 ἱδρύεσθαιν,
553 3067 750 3138 λδρῦσθαιΒδ.
767 3101 799 3108 -
819 3077 835 3124 4
850 3069 937 3123 αὐτὸν
956 3087 1007 3138 pro
1022 3067 1127 3124 αὐτόθι

109 3143 135 3196 Η
159 3172 193 3182 -
222 3140 318 3195 δεινὸν
338 3138 414 3212 ἱερὸν
433 3141 470 3204 ὡς
488 3139 634 3211 μηδὲαςλῖ
650 3172 683 3180 -
703 3139 799 3210 μισέας
817 3142 843 3194 Η
871 3171 905 3180 -
933 3143 1000 3210 post
1016 3145 1126 3196 Μνασι

110 3214 197 3283 φησίν
221 3212 285 3267 add.
304 3211 389 3282 vulgo
399 3212 452 3265 Dd.
491 3243 523 3252 —
562 3211 745 3267 δάκώλντον
770 3229 820 3282 pro
846 3211 994 3275 ἀκωλύτως
1013 3213 1127 3283 scripsit

108 3284 265 3338 Blomfield.
289 3315 325 3324 —
357 3283 444 3338 αύτδν
463 3300 513 3351 pro
533 3283 569 3346 ὡς
587 3283 636 3337 τὸν
656 3282 682 3334 Η
710 3314 744 3324 -
773 3280 972 3352 φαλνεσθαιλλ
998 3316 1030 3323 -
1061 3286 1127 3353 post

109 3353 263 3426 φέρεσθαιι
300 3352 318 3423 ή
342 3355 379 3418 ὡς
402 3352 445 3408 ὅτι
467 3357 549 3408 θεῖαι
572 3353 707 3424 δννάμεις
730 3350 910 3424 ἐπεκάθηντο
934 3353 1126 3424 φυλάττονται

107 3428 172 3490 τοὺς
195 3425 299 3489 τόποος
322 3425 371 3489 οὓς
393 3427 512 3494 διῆλθεν
535 3424 613 3495 ήΊώ
633 3426 753 3481 addibP
783 3458 814 3466 -
843 3426 931 3481 verba
951 3429 987 3481 ab
1006 3425 1124 3480 καὶτὸν

107 3505 157 3566 τῆς
174 3501 240 3551 θαλ.
260 3514 350 3566 separ.
371 3498 457 3551 schol.
479 3496 561 3566 vulgo
585 3499 615 3551 et
637 3513 682 3568 ap.
700 3497 755 3553 Dd.
781 3529 811 3538 -
841 3505 857 3553 6
875 3494 965 3568 πόρον
984 3499 1069 3567 vulgo
1089 3528 1123 3537 ·-

85 3565 269 3632 stete'mtce
291 3568 318 3622 V
333 3601 368 3610 -
386 3565 525 3644 μετέβαλε
544 3569 602 3624 VH
621 3601 655 3610 -
