2430 3856
120 180 183 244 178
550 181 708 234 SOHOLIA

117 340 171 408 καλ
200 343 283 408 κατὰ
309 346 388 421 τοὺς
414 355 483 408 τῶν
506 348 650 427 Περσῶν
677 345 802 426 νόμους
824 343 1060 408 πολιτεύονται
1083 367 1138 408 κα-

118 450 183 514 ὑπὸ
203 460 270 514 τῶν
285 454 429 534 Περσῶν
444 451 604 535 ἄρχονται
617 447 673 515 καὶ
687 450 903 515 διιθύνονται
917 445 1001 515 οὐδὲ
1015 447 1137 535 δασμοὶ

118 566 263 642 φοροῦσι
285 555 428 634 καὶτοῖς
446 557 576 623 τέλεσιν
593 557 796 640 ὑπόκεινται,
820 556 841 621 δ
860 559 941 633 ἐθος
958 551 1003 640 ἤν
1024 556 1137 633 αὐτοῖς

118 665 250 730 διδόναι
273 674 343 742 τοῖς
365 665 534 749 ἄρχουσιν.
581 664 780 749 ἐφθάρησαν
803 663 876 747 γολρ.

118 830 133 877 6
152 823 218 886 τοῦς
237 839 291 878 om.
306 820 332 876 V
347 853 380 861 -
398 829 454 876 τῶν
474 838 528 876 om.
543 821 630 892 vulgo
651 853 684 862 -
704 829 720 877 8
739 819 828 877 τέλεσι
847 818 1032 889 πρόσκεινται
1049 821 1134 892 vulgo

117 898 184 961 (non
203 896 235 948 ut
253 893 305 947 Dd.
325 892 389 946 adn.
408 896 583 962 προκεῖνται)
595 895 628 960 V,
651 890 741 949 τέλεσι
764 891 930 962 πρόκεινται
948 895 983 962 Η,
1003 891 1135 948 ὑπόκειν-

116 984 163 1019 ται
181 964 234 1019 Dd.
255 980 289 1019 ex
307 963 330 1018 P
350 997 379 1004 -
403 971 418 1018 9
439 960 611 1035 ἐφθάρησαν
629 963 683 1036 γὰρ
703 966 794 1019 om.P

182 1626 244 1692 591
290 1624 359 1691 οὔτ’
377 1624 410 1702 ἐς
432 1634 510 1709 γῦνι
535 1625 611 1691 οὔτε
635 1627 683 1703 εἰς
705 1623 767 1709 τῆν
785 1633 850 1709 γῆν
868 1627 1130 1706 προσπίπτοντες

113 1735 220 1817 ἤγουν
247 1741 517 1818 προσκυνοῦντες
544 1734 603 1798 τὸν
630 1731 767 1817 βασιλέα
791 1731 949 1816 ἄρξονται
972 1730 1028 1798 καὶ
1050 1733 1131 1799 ὑπο·

112 1843 342 1924 κλιθῆσονται.
392 1839 412 1923 ἤ
444 1841 508 1926 γὰρ
542 1840 696 1923 βασιλικὴ
731 1842 824 1925 ἰσχὺς
857 1840 970 1906 ὤλετο.
1021 1839 1129 1911 ἰστέον

113 1946 166 2029 δέ,
200 1948 251 2013 ὅτι
282 1949 320 2012 τὸ
354 1949 505 2030 βασιλεία
536 1944 592 2012 καὶ
624 1948 665 2012 τὰ
696 1955 833 2013 τοιαῦτα
860 1945 969 2011 πάντα
996 1948 1130 2031 κτῆτικᾶ

86 2054 241 2138 ὁμακρδν
264 2056 330 2137 ,ἔχει
353 2054 390 2117 τὸ
413 2057 445 2117 α.

184 2209 269 2263 λκαλ
286 2226 337 2278 pro
356 2208 444 2280 ἤγουν
463 2209 489 2263 Η
514 2242 544 2249 -
574 2219 764 2279 προσκυνοῦσι
783 2215 847 2277 (om.
867 2207 1004 2281 ἤγουνΠ
1024 2244 1055 2252 -
1082 2211 1129 2266 καλ

113 2281 207 2335 om.V
228 2309 261 2320 -
280 2288 296 2335 3
315 2280 401 2336 verba
420 2279 512 2337 ἰστέον
531 2278 562 2336 δὲ
583 2298 605 2338 e.
621 2299 648 2350 q.
663 2300 685 2338 ε.
701 2281 798 2336 addidi
816 2281 887 2335 exV

179 2481 245 2546 594
256 2504 322 2566 sqq.
360 2476 433 2546 οὐδ’
456 2482 503 2546 ἔτι
527 2485 675 2563 γλῶσσαι
699 2478 773 2545 οὐδ’
792 2483 840 2544 ἔτι
858 2480 878 2564 ἤ
897 2491 965 2546 τῶν
985 2485 1127 2563 Περσῶν

110 2592 244 2670 γλῶσσα
282 2587 319 2653 ἐν
356 2593 529 2674 φυλακαῖς.
588 2587 817 2672 ἤλευθέραται
853 2589 917 2671 γὰρ
959 2587 1071 2652 αὐτῶν
1105 2587 1126 2671 ἤ

109 2699 244 2777 γλῶσσα
267 2697 350 2780 πρὸς
372 2697 410 2760 τὸ
433 2705 633 2777 κακηγορεῖν
652 2691 798 2777 βασιλέα.
837 2692 961 2760 οὐδένα
980 2696 1044 2777 γὰρ
1062 2702 1126 2759 νῦν

110 2801 262 2866 δεδίασιν
287 2802 322 2867 ολ
341 2801 494 2884 ὑπῆκοοι,
519 2801 570 2866 ὅτι
589 2802 606 2868 ὁ
626 2802 705 2878 λαὸς
724 2801 829 2886 ἐλύθη
847 2799 903 2867 καὶ
922 2803 1041 2868 ἔλυσεν
1061 2800 1125 2866 ὑπὸ

81 2915 166 2990 ετῆς
189 2906 293 2972 αὐτοῦ
317 2908 489 2992 δυνάμεως
512 2909 571 2973 τὸν
596 2911 706 2992 ζυγόν,
737 2904 797 2990 ὑφ’
826 2902 867 2973 οὗ
891 2911 1063 2993 συνείχετο
1086 2909 1126 2973 τὰ

108 3020 245 3080 πλεῖστα
267 3012 322 3079 καλ
345 3015 553 3082 ὑπεκλίνετο·
575 3015 596 3099 ἤ
620 3018 716 3080 ἔλυσε
740 3016 800 3079 τὸν
824 3017 924 3097 ζυγὸν
946 3023 1004 3098 τῆς
1025 3014 1127 3098 ἀλκῆς

107 3123 181 3206 ἤτοι
204 3131 262 3206 τῆς
285 3125 456 3206 βασιλικῆς
480 3123 664 3207 δυνάμεως·
697 3121 717 3204 ἤ
741 3122 805 3205 γὰρ
829 3123 983 3205 βασιλικὴ
1008 3123 1125 3187 διόλω-

182 3288 194 3333 1
215 3279 247 3335 τὸ
267 3277 298 3335 δὲ
318 3278 413 3335 οῦδέτι
431 3285 540 3350 γλῶσσα
558 3277 647 3350 ἤγουν
666 3276 762 3334 οόδέτι
779 3279 805 3335 V
826 3312 857 3321 -
878 3285 893 3333 2
913 3277 966 3349 γὰρ
986 3277 1057 3348 αὐτῆ
1076 3278 1125 3333 καλ

107 3351 253 3477 ῆγλῶσσα
271 3351 305 3420 V,
333 3352 387 3424 γὰρ
411 3353 505 3415 αὐτοῖς
528 3351 673 3422 ῆγλῶσσα
692 3351 835 3422 vulgoDd.
859 3383 892 3393 —
921 3357 1125 3421 3κατηγορεῖν

138 3422 190 3478 PV
210 3455 243 3464 -
262 3428 280 3476 4
299 3424 462 3479 δεδοίκασιν
481 3423 503 3478 0
524 3454 555 3462 -
581 3421 623 3477 ότι
646 3422 713 3488 λαὸς
729 3421 874 3495 vulgoDd.
896 3453 933 3464 —
955 3422 1005 3477 καλ
1028 3422 1125 3478 ἔλυσεν

90 3494 193 3630 ἔτολὸςο
207 3513 275 3621 me.
300 3526 335 3537 -
364 3502 380 3549 6
408 3495 457 3550 καλ
483 3495 647 3551 ῦπειιλίνετο
670 3491 688 3563 ἤ
712 3492 792 3551 ἔλυσε
814 3493 864 3550 καλ
885 3494 1050 3550 δπεκλίνετο
1075 3492 1125 3549 τὸν

111 3585 149 3635 νγ
164 3586 184 3620 ν
