2430 3856
478 212 517 262 IN
536 212 568 266 V.
587 214 737 264 298-302.

97 373 163 438 298
188 367 259 436 είνιὲ
282 371 322 437 V.
349 409 387 418 -
416 370 581 454 ἀντιστάς,

98 501 196 564 super
224 479 308 563 quod
342 475 398 544 καί
427 479 581 544 ἐναντίον

98 585 182 670 ἐμοῦ
214 586 255 650 V.
315 587 363 662 είς
408 588 594 669 είρηναίανῑ

98 693 300 758 κατάστασιν
314 691 428 758 ἐλθὼν
441 693 482 758 Η.
506 690 582 758 ἀντὶ

97 809 159 865 τοῦ
173 802 221 878 είς
237 800 440 866 κατάστασιν
455 799 580 865 ἐλθών·

98 907 237 993 ἐθρήνει
279 908 343 992 γὰρ
389 906 483 973 BLG
528 903 581 994 (τὸ

98 1016 261 1091 καταστὰς
293 1020 369 1080 ante
403 1011 477 1080 ἀντὶ
511 1014 581 1079 add.

98 1121 151 1209 G).
178 1160 215 1168 -
241 1129 380 1207 θρηνεῖς
393 1121 432 1187 V.
456 1159 493 1168 -

100 1763 166 1828 209
189 1762 378 1848 κλαύσομεν
396 1762 438 1828 V.
460 1800 497 1808 -

100 1869 167 1934 300
194 1879 261 1933 τῶν
289 1867 472 1955 ἡγεμόνων.
519 1868 582 1934 ἀπὸ

99 1984 161 2041 τοῦ
192 1986 260 2041 τῶν
292 1980 382 2041 λαῶν
410 1977 524 2060 ἄρχειν
542 1975 583 2041 V.

100 2079 166 2146 ἀπὸ
203 2092 270 2146 τῶν
310 2081 481 2168 ἀρχόντων
522 2091 583 2148 τοῦ

99 2193 185 2254 λαοῦ
214 2188 255 2253 Η.
300 2199 369 2253 τῶν
411 2187 583 2274 ἀρχόντων

99 2307 168 2361 τῶν
187 2301 278 2362 λαῶν
297 2295 317 2380 ἣ
334 2304 392 2379 τῆς
407 2299 497 2373 λείας
510 2297 584 2380 ἤτοι

100 2415 168 2469 τῶν
188 2401 354 2487 βασιλέων
374 2402 411 2469 G.
444 2413 512 2468 τῶν
530 2402 584 2489 ἀρ-

101 2513 231 2594 χόντων
249 2508 305 2576 καὶ
323 2509 499 2595 ἡγεμόνων
517 2521 584 2575 τῶν

101 2621 192 2682 λαῶν
207 2617 332 2702 (κακῶν
346 2614 429 2704 cod.)
445 2615 480 2681 L.
508 2615 584 2700 ἡγε-

100 2726 214 2808 μόνων
246 2735 314 2789 τῶν
346 2729 438 2788 λαῶν
470 2722 506 2787 Β.
544 2759 580 2768 -

100 2829 157 2895 καὶ
187 2833 339 2917 βασιλείᾳ
363 2831 403 2896 V.
429 2867 468 2876 -
500 2828 584 2915 ἀρχῇ

102 2936 200 3002 GHB
221 2935 319 3023 (ἀρχὴ
338 2936 380 3002 Η.
415 2933 470 3000 καὶ
494 2935 584 3016 ἐξον·

100 3046 159 3130 σία
191 3044 261 3108 add.
289 3041 337 3131 B).
364 3081 403 3090 -
432 3045 495 3110 301
526 3044 584 3108 ἄν·

101 3151 243 3232 ανὸρον]
283 3152 330 3228 είς
363 3154 439 3216 τίνα
471 3150 512 3216 Η.
540 3188 584 3196 -

100 3259 208 3340 ἤγουν
245 3259 460 3344 πολύανδρον
500 3257 584 3342 ἠφί-

100 3367 170 3444 νιζε
184 3365 224 3430 V.
245 3403 286 3411 —-
307 3367 432 3451 ἔρημον
450 3363 584 3448 ἐποίησε

101 3470 145 3536 Η.
187 3474 311 3557 ἔρημον
335 3477 387 3538 εία
407 3471 444 3539 G.
467 3509 505 3520 —

91 3578 161 3642 302
169 3577 285 3662 <φ>ως
298 3579 333 3647 V.
351 3582 392 3648 τὸ
408 3593 485 3670 φῶς
494 3581 534 3651 L.
550 3623 590 3632 -

1052 210 1114 274 101

635 373 700 439 298
719 373 895 450 καταστάςε
916 373 1116 439 κατάστασιν

635 487 697 546 τοῦ
719 480 875 563 θορύβου
898 480 1021 564 λαβών.
1039 517 1075 526 -

637 1225 701 1290 299
725 1226 776 1302 τίς
798 1224 840 1290 οὐ
861 1223 1040 1309 τέθνηκεντ
1062 1250 1119 1291 τια-

636 1336 702 1409 λῶς
719 1342 853 1418 πρῶτον
866 1330 942 1417 περὶ
956 1342 1024 1397 τῶν
1039 1333 1118 1411 ζών-

635 1461 704 1504 των
727 1438 834 1525 ἐρωτᾷ
856 1439 902 1516 ὡς
919 1439 1043 1522 ὀλίγων
1062 1441 1118 1505 ὅν-

635 1568 716 1629 των,
738 1548 916 1632 παρίστησι
943 1542 980 1611 δὲ
1003 1543 1118 1612 καὶτὸ

637 1657 767 1738 πλῆθος
812 1663 879 1719 τῶν
928 1652 1119 1719 ἀποθανόν-

637 1782 714 1824 των.
741 1795 778 1806 -—

638 1867 704 1932 300
727 1870 818 1931 λαῶν
842 1865 1012 1951 ἀρχόντων
1035 1864 1119 1955 (gh).

637 2011 682 2020 -
704 1971 896 2059 ἀρχελείωνε
928 1983 997 2039 τῶν
1024 1975 1118 2058 βασι-

637 2079 734 2164 λέων,
762 2080 826 2147 ἀπὸ
852 2089 914 2146 τοῦ
937 2092 1004 2148 τῶν
1027 2086 1120 2148 λαιόν

637 2190 759 2276 ἄρχειν.
782 2225 819 2236 -
