2430 3856
492 152 701 205 PRAEFATIO.
1012 153 1103 202 XXXl

88 318 224 400 potuum
256 314 437 400 coniunxit,
463 313 530 378 non
558 313 630 398 ipso
659 313 835 398 archetypo
859 335 936 377 usus
961 317 1023 397 est,
1047 314 1104 378 sed

85 422 263 486 recentiore
296 420 419 503 codice,
452 421 507 505 qui
539 419 613 484 inde
641 419 798 498 “manavit
843 417 943 499 Nam,
975 424 1013 484 ut
1039 421 1104 484 hoc

86 529 199 592 statim
222 527 401 610 absolvam,
424 527 547 613 legitur
568 527 634 592 soh.
655 550 683 591 v.
703 525 769 591 375
789 524 961 608 (τοσαῦτα,
985 529 1105 611 φησίν,

85 629 179 699 εἶπεν
204 633 221 698 ὁ
245 632 369 718 Ξέρξης
391 634 457 698 ὑπὸ
481 633 641 712 ἀλαζόνος
658 631 714 697 καὶ
732 632 936 719 τερπομένὴς
955 635 1105 710 διανοίας

86 739 189 806 tc'cv'.
237 740 414 807 Confusam
448 742 537 804 vides
571 763 643 804 eam
675 741 987 824 interpretationem,
1020 763 1103 825 quae

89 849 130 913 ad
154 870 266 913 veram
290 848 462 912 lectionem
486 847 579 912 inM
601 847 757 912 traditam
775 843 832 911 ὑπ’
854 845 1007 931 εὐθύμου
1026 870 1104 930 φρε-

85 957 145 1031 νὸς
168 959 304 1040 spectat,
328 977 401 1019 cum
426 976 473 1040 ea,
500 977 582 1039 quae
606 954 646 1019 ad
670 976 750 1019 rece.
773 955 931 1018 librorum
954 953 1103 1037 ὑπερθύ-

40 1124 43 1131 .
85 1086 151 1148 μου
175 1063 306 1148 φρενός.
355 1060 482 1127 Similia
505 1062 605 1126 addas
629 1062 740 1126 multa.
785 1060 871 1125 Illud
895 1064 1004 1125 autem
1025 1083 1103 1145 apo·

85 1169 235 1255 graphon
266 1169 432 1252 archetypi
460 1171 571 1252 potest
598 1168 632 1232 id
661 1167 776 1252 fuisse,
804 1191 821 1232 e
849 1190 912 1252 quo
936 1171 1045 1232 textus
1070 1172 1106 1232 et

86 1277 288 1361 glossemata
311 1275 342 1340 V
367 1281 400 1340 et
425 1274 457 1339 H
489 1276 637 1361 profecta
670 1279 758 1356 sunt,
789 1277 900 1358 potest
933 1275 1032 1359 aliud,
1064 1279 1105 1340 ut

85 1383 267 1468 putandum
292 1384 334 1447 sit
357 1383 500 1448 codicem
523 1383 607 1447 unde
630 1381 664 1448 V·
685 1389 719 1447 et
741 1383 773 1447 H
796 1383 939 1467 pendent
963 1406 1002 1446 ex
1026 1383 1103 1448 duo·

86 1492 147 1555 bus
166 1491 315 1555 fontibus
334 1494 446 1554 natum
467 1511 546 1555 esse.
586 1491 734 1554 Alterum
754 1491 840 1554 enim
848 1490 975 1577 librum
990 1491 1104 1573 luisse,

87 1599 143 1680 qui
162 1601 288 1662 textum
307 1601 340 1661 et
355 1597 554 1682 glossemata
572 1597 613 1660 ab
635 1597 809 1681 archetypo
830 1597 991 1680 descripta
1010 1618 1102 1680 prae·

85 1705 157 1769 buit
176 1702 231 1792 (de
245 1709 337 1777 textu
356 1703 418 1768 vid.
433 1725 503 1786 cap.
517 1700 558 1791 l),
578 1705 717 1768 alterum
737 1704 903 1786 exemplar
919 1703 1104 1787 Byzantini,

85 1812 171 1896 quod
204 1813 284 1876 item
317 1833 356 1875 ex
389 1811 567 1894 archetypo
601 1809 760 1893 originem
795 1809 896 1876 duxit.
948 1810 996 1874 De
1029 1810 1102 1894 ipso

86 1919 263 2004 archetypo
300 1918 362 1982 hoo
399 1919 467 1981 veri
503 1917 655 1981 similiter
695 1920 823 1982 statuas
865 1918 1100 2003 glossematum
1175 1919 1177 1923 ’

87 2025 330 2090 multitudinem
355 2046 372 2089 e
391 2025 586 2109 paraphrasi
605 2025 674 2110 illa,
697 2047 796 2109 quam
815 2025 989 2111 genuinam
1008 2025 1102 2090 scho-

86 2132 206 2197 liorum
239 2132 495 2216 Aeschyleorum
528 2133 668 2197 formam
700 2131 802 2197 fuisse
835 2131 1013 2197 Roemerus
1036 2133 1056 2197 l.
1080 2133 1102 2197 l.

86 2239 297 2323 demonstrat,
320 2239 490 2304 oriundam
514 2261 594 2304 esse.

151 2344 222 2410 Iam
250 2345 431 2431 videamus,
461 2368 523 2430 quo
551 2346 648 2411 modo
677 2346 840 2410 sententia
870 2351 984 2410 nostra
1013 2368 1102 2411 com-

85 2453 218 2537 probari
238 2453 351 2536 possit.

154 2557 279 2624 Summi
308 2559 467 2624 momenti
495 2563 558 2642 est,
592 2559 677 2644 quod
707 2559 830 2623 scholia
856 2558 892 2623 M
920 2581 937 2623 e
966 2558 1103 2624 scholiis

86 2666 115 2732 A
139 2671 173 2731 et
196 2689 213 2731 e
237 2666 444 2750 glossematis
468 2665 632 2731 emendari
655 2666 740 2732 lieet.

151 2773 454 2839 Praeclarissimum
483 2775 665 2858 exemplum
695 2780 744 2838 est
772 2773 847 2840 soh.
871 2774 905 2840 Μ
929 2771 1014 2857 379,
1044 2773 1102 2838 ubi

84 2882 118 2946 in
137 2881 245 2946 codice
265 2885 354 2946 extat
372 2883 616 2968 τροπωτὴροὴω
637 2885 670 2946 et
689 2883 830 2967 spatium
850 2905 906 2948 sex
928 2883 994 2947 fere
1014 2882 1103 2946 litte·

83 3011 205 3070 rarum,
227 2992 298 3052 tum
323 2990 503 3072 δεσμεύων.
550 2989 738 3055 Dindorfius
760 3013 777 3054 e
797 2991 904 3055 verbis
923 2989 1101 3074 Byzantini

82 3096 258 3182 τροπωτὴρ
288 3092 325 3160 di
353 3096 370 3160 ὁ
404 3100 510 3180 λῶρος
537 3093 581 3160 dc’
614 3091 655 3163 οὗ
688 3097 907 3181 δεσμεύονται
938 3095 1020 3160 illud
1054 3095 1102 3160 sic

83 3204 240 3270 correxit:
263 3204 437 3286 τροπωτὴρ
463 3200 499 3267 δὲ
523 3202 540 3267 ὁ
565 3208 672 3288 torpor
696 3203 713 3268 ὁ
734 3205 914 3288 δεσμεύων.
953 3203 1101 3266 Alteram

64 3311 303 3394 ¹corruptelam
331 3331 398 3374 non
426 3311 666 3376 animadvertit.
720 3309 805 3374 Nam
842 3310 927 3393 quod
957 3308 1100 3392 scripsit:

81 3419 200 3501 κώπην
224 3416 408 3501 εὐήρετμον
433 3415 518 3502 ἀμφὶ
543 3419 692 3501 σκαλμὸν
716 3416 881 3502 ἑὴέσμεοε.
925 3415 1101 3503 τροπωτὴρ

81 3522 121 3594 δὲ
145 3526 163 3591 ὁ
190 3529 297 3610 lepos
321 3523 339 3588 ὁ
364 3525 534 3609 δεσμεύων
558 3525 618 3608 τὴν
640 3525 756 3610 κώπην
780 3525 868 3612 προς
890 3531 940 3612 τῷ
966 3526 1133 3603 causum„
