2430 3856
479 204 519 255 ια
536 203 568 256 V.
590 207 739 256 τοο-ττι.
948 252 950 256 ,
1053 200 1120 266 215

101 364 167 429 760
178 357 482 450 στράτευμ’]ύγαγε
493 362 581 430 Η.-
639 365 701 430 761
733 375 803 442 τοϊς
825 363 1119 452 προτρεψαμένοις.

102 471 166 535 761
193 480 262 545 τοῖς
290 471 590 554 συμβουλεύσασιν
638 509 681 518 -
705 469 801 559 (763)
825 473 873 550 είς
896 473 1033 559 φθορὰν
1056 497 1120 559 χω-

99 575 342 661 ύνθρώποις7.
366 576 478 651 αὐτοῖς
493 575 583 660 (τού-
637 586 752 662 ρῆσαν.
777 616 820 626 -

98 706 169 759 τοις
197 681 238 768 Β)
275 693 345 759 τοῖς
382 684 584 767 συμβούλοις

100 789 204 854 BGL.
234 827 276 836 —
308 787 391 854 *καὶ
419 794 585 855 τετελειω-

98 895 202 980 μένον
221 896 260 961 7.
280 933 323 942 -

101 1005 166 1068 762
191 1002 362 1086 ἀλοίθητον
381 1001 421 1067 7.
448 1039 486 1048 -
518 1002 581 1067 763
638 1005 702 1069 763
717 1002 866 1090 έκινύθη
880 1007 921 1071 τὰ
936 1009 1120 1072 Σοῦσα.-

99 1106 187 1190 τύδ’]
221 1107 351 1192 ἐγένετο
371 1108 411 1174 V.
444 1147 482 1155 -
519 1109 584 1173 764

99 1211 186 1300 *ἀφ’
209 1211 250 1281 οὗ
269 1214 309 1280 V.
328 1253 372 1263 -
393 1215 503 1299 ἤγουν
522 1216 583 1280 τὸν

99 1319 217 1410 πρῴην
240 1320 378 1406 βασιλέα
397 1320 528 1405 Μήδων
542 1320 583 1386 V.

102 1466 139 1476 —
171 1428 359 1513 *παρέσχεν
384 1429 423 1494 V.
449 1467 488 1476 -
518 1429 582 1494 765

98 1532 165 1616 ἕν’]
190 1536 273 1600 ὥστε
293 1536 332 1599 V.
352 1573 395 1582 —
420 1532 477 1599 καὶ
499 1535 583 1600 καλὰ
672 1520 679 1527 ’

97 1641 273 1728 θρέμματα
306 1640 447 1726 ἐχούσης
469 1640 510 1706 V.
537 1677 582 1688 —

100 1750 164 1816 766
210 1748 428 1833 ἡγεμονεύειν
460 1748 500 1814 V.
541 1784 579 1794 -—

97 1857 362 1942 κυβερνητήριον
398 1852 439 1921 V.
498 1855 582 1935 διεξ-

97 1965 224 2046 οίγουτα
246 1969 354 2038 καλῶς
377 1961 419 2027 Η.
444 1998 485 2009 -
517 1962 580 2027 767

97 2070 232 2155 Μῆδος]
247 2067 291 2135 *ὁ
307 2069 348 2135 7.
365 2106 403 2116 -
426 2072 582 2152 βασιλεὺς

96 2185 155 2260 τῆς
179 2177 348 2259 Περσίδος
365 2175 405 2241 V.
428 2213 465 2223 —

99 2285 163 2348 768
187 2284 294 2366 ἤγουν
317 2281 336 2348 ὁ
356 2277 581 2368 Ἀρταφρένης

96 2389 137 2455 V.
165 2389 183 2454 ὁ
204 2386 429 2475 Ἀρταφρένης
444 2389 481 2454 G.
507 2386 581 2474 Ἀρ·

96 2495 265 2581 ταφρένης
280 2496 316 2561 Β.
336 2532 374 2542 ——
396 2496 528 2579 ἀγαθὸν
539 2495 580 2562 V.

101 2641 137 2650 -
162 2605 226 2668 769
245 2604 367 2688 τρύτος
390 2603 579 2687 ἐτυμολογι·
635 2601 980 2691 7696Ἀρταφέρνης,
992 2602 1117 2670 ὃνέτυ-

95 2712 154 2787 κὸς
167 2709 208 2776 V.
235 2720 361 2775 νοεῖται
383 2711 447 2793 γὰρ
468 2709 503 2773 ἐκ
521 2718 580 2794 τῆς
634 2717 773 2797 μολογεί
815 2710 833 2777 ὁ
874 2709 989 2796 ἀρτίας
1029 2713 1116 2797 ἔχων

96 2817 315 2901 ἐτυμολογίας
337 2824 395 2899 τῆς
418 2816 579 2899 λεγούσης
633 2817 768 2904 φρένας.
789 2856 827 2866 -
852 2816 870 2883 ὁ
890 2814 1116 2903 Ἀρταφέρνης

96 2927 185 3009 ἔχειν
208 2923 338 2988 ἐκεῖνον
362 2923 476 3008 ἀρτίας
499 2921 579 3010 φρέ-
634 2924 666 3004 ἐξ
691 2925 916 3012 ἐτυμολογίας.
935 2963 981 2973 -

95 3056 157 3109 νας
180 3053 283 3116 marg.
299 3029 336 3095 G.
357 3067 397 3076 -

97 3140 162 3204 770
181 3134 314 3221 *ἤγουν
334 3135 402 3222 μετ’
426 3137 528 3203 αὐτὸν
539 3136 578 3203 7.
634 3141 700 3205 770
720 3136 769 3226 (in
788 3158 891 3226 marg.
911 3161 1016 3224 super.
1036 3143 1113 3204 ante

99 3283 137 3293 -
172 3244 337 3328 *εὐτυχὴς
360 3243 399 3309 V.
436 3281 473 3290 —
513 3245 576 3308 771
632 3268 661 3312 v.
699 3241 779 3334 751)
825 3248 940 3331 Κῦρος
983 3231 1115 3331 πρῶτος

94 3351 178 3418 *καὶ
199 3352 262 3434 τὴν
286 3350 391 3436 ἀρχὴν
411 3351 524 3435 λαβὼν
538 3349 577 3417 V.
631 3353 878 3438 προσεκτήσατο
892 3351 1039 3440 Πέρσαις
1051 3351 1115 3437 ’τὴν

98 3497 136 3506 -
155 3461 219 3525 772
236 3459 343 3542 ἤγουν
358 3460 455 3540 ἔλαβε
468 3460 578 3523 τολὺν
632 3458 738 3546 ἀρχὴν
751 3456 885 3544 Μήλιον
902 3458 1136 3541 ύψελβρευοε-

92 3567 179 3630 λαὸν
198 3566 326 3630 Λυδῶν
347 3566 405 3632 καί
432 3571 582 3656 Φρυγῶν
642 3568 769 3656 Κύρου
821 3565 906 3639 ὀλος
949 3551 1178 3634 Kwffim.
