2430 3856
88 206 128 257 VI
488 210 700 266 PRAEFATIO.
797 262 799 266 ,

89 396 190 438 unum
214 375 246 437 et
269 391 472 438 communem
496 391 566 436 esse
590 371 714 438 fontem
735 376 915 439 ceterorum
939 375 1107 458 severeri,

70 469 128 546 Ιιιι
163 483 276 565 posset
312 477 527 562 probabiliter
563 478 792 548 demonstrari.
846 481 929 546 Tum
966 482 1103 548 Medicei

89 579 200 673 partes
224 585 329 652 acrius
358 584 503 650 defendit
526 584 713 651 Dindorfius
742 590 1016 654 commentatione
1040 591 1108 674 illa,

91 717 157 779 qua
187 693 333 759 omnium
357 690 514 777 Aeschyli
542 692 701 758 librorum
732 694 892 781 originem
920 717 937 760 e
961 695 1105 762 Mediceo

22 871 24 878 ,
90 802 221 868 ductam
261 822 332 865 osse
373 799 610 883 comprobabat
650 797 705 888 (in
741 800 860 867 Philol.
896 803 958 868 vol.
991 802 1106 868 XVIII

90 931 121 992 p
141 909 225 974 55-
191 906 299 994 -93).
347 905 562 972 Adversarius
595 907 688 972 extis
662 907 906 975 ttHeimsoet
907 909 996 994 hius,
1032 931 1105 977 cum

88 1017 124 1081 in
151 1015 235 1080 libro
268 1013 324 1100 qui
356 1012 545 1078 inscribitur
577 1011 646 1078 die
677 1012 834 1081 indirecte
802 961 1106 1102 triberlielerung

88 1123 145 1188 des
169 1120 434 1205 aeschyleischen
458 1118 575 1184 textes'
603 1143 634 1205 p.
652 1121 715 1186 5-
720 1123 739 1189 8
769 1123 912 1188 codicem
939 1123 1106 1190 Vindobo-

88 1251 222 1294 nensem
244 1249 297 1293 no.
318 1229 380 1293 197
404 1248 471 1292 non
499 1249 538 1292 ex
560 1226 596 1291 M
617 1228 750 1294 fluxisse
778 1230 967 1295 affirmaret.
1013 1229 1105 1296 Idem
1140 1245 1143 1250 “

88 1359 130 1401 ne
153 1337 186 1401 in
210 1334 327 1401 ceteris
351 1334 480 1419 quidem
504 1332 648 1420 scriptis,
671 1357 752 1420 quac
775 1358 834 1402 suo
857 1338 929 1403 loco
953 1324 1105 1423 laudabo,

86 1465 168 1509 recc.
192 1442 283 1509 codd.
304 1441 458 1526 neglexit.
495 1440 595 1508 Cuius
619 1443 800 1508 sententiae
823 1443 975 1509 faverunt
990 1444 1106 1509 Weck-

87 1551 186 1616 linius
217 1550 253 1615 in
286 1548 370 1615 curis
400 1547 589 1633 Aeschyleis
622 1546 666 1637 (a
690 1550 776 1616 1872
804 1548 916 1637 editis)
944 1575 976 1635 p.
995 1552 1039 1616 60
1072 1556 1106 1616 ιι

87 1657 297 1742 Ritschelius,
320 1657 376 1743 qui
399 1656 433 1722 in
457 1655 558 1740 praef.
577 1656 712 1722 alterius
733 1655 864 1743 Septem
888 1657 1018 1724 fabulae
1041 1659 1105 1724 edi·

86 1768 186 1832 tionis
216 1764 360 1852 (Lipsiae
393 1785 421 1829 a.
448 1763 534 1830 1875
564 1762 685 1852 factae)
713 1788 744 1852 p.
768 1764 816 1831 VI
848 1765 929 1848 haec
962 1766 1105 1850 scripsit:

86 1871 204 1956 ‘neque
223 1871 310 1936 enim
328 1871 426 1936 hodie
445 1871 587 1936 dubitari
605 1895 702 1957 posse
722 1871 859 1957 videtur,
883 1874 962 1958 quin
981 1894 1020 1937 ex
1039 1895 1104 1939 uno

87 1979 198 2062 aliquo
218 1978 395 2060 archetypo
415 1978 597 2062 antiquiore
618 2000 691 2043 cum
710 1978 794 2043 Med.
813 1983 884 2042 tum
904 1980 1003 2044 etiam
1022 1979 1105 2044 alter

86 2085 218 2169 quidam
241 2082 384 2147 eiusdem
407 2082 460 2146 vel
480 2083 630 2166 supparis
650 2083 766 2147 aetatis
785 2083 869 2147 liber
887 2084 1103 2168 transcriptus

86 2191 131 2256 sit
152 2211 237 2254 nuno
261 2188 408 2272 deperdit
409 2210 501 2273 us,u
479 2188 589 2252 utilli
612 2188 795 2274 persimilis,
817 2189 866 2254 ιιι
883 2211 951 2256 non
968 2213 1103 2276 prorsus

86 2320 158 2382 par,
193 2297 234 2360 ad
261 2295 347 2362 hunc
376 2298 560 2360 autemt
513 2294 651 2360 alterum
679 2295 896 2362 recentiorum
926 2298 1022 2364 multi
1024 2299 1102 2364 tudo

87 2403 351 2490 apographorum
380 2403 446 2467 fere
473 2400 604 2468 redcat'.
649 2401 805 2487 Ipseaut
807 2425 858 2469 em
880 2427 981 2470 unum
1005 2405 1104 2470 Medi·

85 2534 179 2576 ceum
202 2511 242 2575 ad
266 2510 440 2576 editionem
464 2509 623 2575 adhibuit.
670 2508 732 2575 Sed
756 2509 969 2593 Kirchhoffio,
997 2518 1034 2578 ut
1057 2515 1105 2580 ait

85 2620 120 2684 in
138 2618 239 2703 praef.
259 2617 410 2682 editionis
430 2613 473 2704 (a.
494 2617 605 2703 1880),
629 2621 721 2682 extra
739 2640 870 2684 omnem
888 2620 1103 2688 dubitationis

87 2727 191 2791 aleam
224 2724 368 2810 positum
404 2745 475 2788 esse
508 2723 635 2788 videtur
667 2727 816 2811 exempla
847 2729 1028 2793 recentiora
1061 2729 1102 2792 ad

85 2855 186 2898 unum
215 2831 324 2897 omnia
352 2853 371 2895 a
401 2830 470 2896 cod.
494 2829 577 2895 Med.
608 2831 754 2896 derivata
785 2854 864 2900 esse.
910 2833 993 2897 Tum
1017 2833 1102 2899 Mar·

85 2941 173 3006 tinus
197 2938 342 3005 Sorofius
371 2936 598 3002 dissertatione
626 2960 678 3023 ea,
707 2961 788 3024 quae
817 2943 868 3004 est
890 2938 941 3004 ‘de
964 2941 1102 3027 ratione,

86 3069 168 3133 quae
200 3048 286 3111 inter
318 3067 373 3110 eos
401 3044 527 3110 codices
557 3044 765 3128 recentiores,
798 3045 916 3130 quibus
946 3047 1100 3133 Aeschyli

86 3155 217 3220 fabulae
236 3152 458 3237 Prometheus,
482 3150 613 3236 Septem
634 3151 705 3218 adr.
724 3151 863 3238 Thebas,
886 3152 1004 3219 Persae
1027 3177 1102 3220 oon·

84 3264 191 3327 tinent
192 3264 300 3346 ur‚et
266 3259 466 3326 etcodicem
488 3257 641 3325 Laurent
618 3263 743 3325 tranum
766 3261 815 3325 int
801 3260 957 3327 teroedat'
980 3258 1102 3348 (Berol.

86 3370 222 3436 ι1882
250 3364 352 3458 ιιιιι)
379 3367 577 3453 probaret
546 3366 672 3432 studuit
699 3389 811 3434 omnes
842 3367 931 3433 codd
958 3389 1039 3434 recc.
1063 3391 1102 3433 ex

84 3498 151 3542 uno
165 3476 250 3542 libro
265 3499 284 3541 ι
298 3474 382 3543 Med.
396 3475 522 3541 diverso
536 3472 709 3559 profectos,
723 3474 816 3540 illum
832 3479 940 3540 autem
952 3498 1101 3561 -quem

83 3580 197 3648 littera
226 3581 257 3648 A
288 3581 459 3669 insignivit
483 3620 525 3630 —
549 3603 589 3648 ex
619 3582 691 3669 ipso
724 3582 868 3650 Mediceo
901 3581 1101 3669 descriptum
