2430 3856
498 184 537 235 IN
556 185 587 237 V.
608 186 721 237 72-77.
1075 182 1118 247 35

102 345 145 408 72
164 344 226 426 τὴν
241 344 405 409 σύνθεσιν
421 341 583 429 (praestat
638 347 680 410 72
704 368 755 427 γρ.
770 347 917 430 ἔρεισμα·
941 347 1002 430 τὴν
1023 357 1119 413 ναῦν.

100 448 275 535 σύνδεσιν)
294 462 362 515 τῶν
383 461 477 535 νηῶν
495 449 583 535 λέγει
636 487 681 499 --
705 453 747 517 73
773 451 962 537 ἐγεφύρωσε
990 453 1053 537 γάρ
1081 453 1118 516 τὸ

99 556 196 624 V.-
210 558 366 641 βάδισμα,
390 560 529 642 πορείαν
543 558 584 624 V.
637 556 857 622 ἑπταστάδιον
901 569 974 635 ταῖς
1018 557 1119 623 ναυσὶ

99 669 240 749 πορείαν
255 664 358 730 BGL.
373 702 415 711 -
432 689 483 748 γρ.
499 668 582 750 ἔρει-
638 665 808 748 συνδήσας
836 664 938 741 αύτάς
971 662 1027 730 καὶ
1055 675 1119 748 γῆν

100 788 167 856 σμα
190 771 250 835 GL
282 768 348 859 (γρ.
373 793 434 838 om.
460 768 514 858 G).
539 809 581 818 -
636 770 817 855 ἐπιβαλών,
840 771 923 836 ὥστε
947 771 1028 837 ὁδὸν
1046 794 1119 836 ποι-

101 879 143 944 73
158 879 294 943 ἄνωθεν
307 889 375 943 τῶν
393 879 510 944 νώτων
524 888 581 962 τῆς
635 885 715 960 ἧσαι
746 876 799 942 ἐπὶ
828 889 897 943 τῶν
922 889 1018 944 νεῶν.
1064 880 1118 953 διὸ

98 986 272 1069 θαλάσσης
286 983 326 1050 V.
351 1022 393 1032 -
417 985 456 1050 In
480 1007 582 1072 marg.
635 985 856 1069 πολύγομφον
876 986 999 1070 ὅδισμα
1017 980 1118 1053 εἶπεν.

100 1090 130 1155 G
161 1092 246 1156 idem
275 1093 361 1176 quod
389 1093 424 1157 in
449 1092 497 1175 M,
525 1093 581 1158 sed
636 1089 848 1177 —(alterum
869 1093 909 1157 ad
927 1093 959 1157 h.
974 1116 1004 1158 v.
1018 1093 1118 1158 schol.

98 1208 199 1282 νηῶν.
223 1237 268 1245 -
636 1198 709 1263 vide
729 1197 851 1286 supra.)
864 1236 899 1245 -

98 1999 141 2062 74
164 1995 278 2084 (immo
304 2021 332 2064 v.
357 1995 415 2087 68)
442 1997 463 2082 η
486 1996 578 2064 Ἀσία

96 2107 216 2185 γείτων
236 2113 276 2190 τῇ
296 2106 392 2170 δύσει
408 2105 446 2171 V.
465 2143 501 2153 —
524 2105 580 2189 δρ-

78 2211 233 2295 ’μητιιιὸς
275 2211 292 2276 ὁ
334 2211 458 2297 Ξέρξης
496 2213 580 2297 πρὸς

96 2319 242 2401 πόλεμον
250 2317 290 2383 V.
315 2319 333 2385 δ
350 2318 527 2404 ὁρμητικὸς
541 2319 579 2385 G.

96 2422 253 2507 ὁΞέρξης
269 2423 336 2490 GL.
351 2463 388 2471 —
407 2426 449 2492 75
466 2434 530 2509 γῆν
538 2425 577 2492 V.
635 2423 677 2489 75
700 2425 762 2509 την
785 2423 954 2509 Εὐρώπην
978 2421 1061 2511 (gh).
1074 2463 1111 2472 —

95 2532 156 2614 τὴν
181 2530 348 2616 Εὐρώπην
371 2531 446 2598 VG.
466 2571 508 2578 —
535 2534 576 2598 76
631 2533 791 2614 ποίμνιον
814 2527 896 2617 (gh).
923 2566 960 2576 -
995 2532 1033 2595 τὸ
1058 2531 1115 2595 άν-

95 2638 270 2719 βασιλιαὸν
285 2637 472 2724 στράτευμα
486 2638 576 2702 V.-
632 2638 749 2722 δρικὸν
772 2640 917 2720 πλῆθος,
946 2634 1112 2722 σημαῖνον

97 2744 138 2807 77
163 2741 286 2809 ἐκδύο
312 2754 433 2830 μερῶν,
459 2743 494 2808 ἐκ
517 2754 577 2828 γῆς
630 2745 668 2809 τὸ
693 2744 879 2831 στράτευμα
902 2743 961 2828 <τὸ
986 2748 1113 2828 βασιλι-

94 2847 150 2914 καὶ
167 2850 334 2935 θαλάττης
353 2850 392 2915 V.
417 2850 449 2929 ἐξ
470 2850 576 2936 άμφο-
630 2852 715 2937 κὸν>
742 2853 831 2937 παρά
856 2852 893 2916 τὸ
916 2853 996 2928 τοὺς
1019 2855 1113 2935 βασι-

95 2953 202 3041 τέραιν
225 2968 292 3023 τῶν
316 2967 426 3042 μερῶν
447 2958 518 3023 BG.
536 2997 573 3004 —
631 2964 698 3036 λεῖς
745 2959 902 3042 λέγεσθαι
944 2957 1112 3042 ποιμένας.

629 3068 852 3151 ποιμανόριον
891 3066 929 3130 τὸ
967 3063 1003 3130 ἐκ
1040 3069 1112 3129 ποί-

560 3193 565 3202 ·
631 3196 715 3256 μνης
738 3171 873 3258 ἀνδρῶν
901 3168 1114 3255 συνηγμένον

630 3281 811 3363 βασίλειον.
830 3316 874 3325 -
