2430 3856
445 186 485 235 lx
503 185 536 237 V.
555 187 707 237 εεε-οιο.
1023 181 1084 245 191

66 365 131 429 659
161 363 309 447 ὑπῆρχεν
340 363 482 429 VBGL.
508 402 548 412 -
605 364 670 430 659
692 362 759 428 ὑπὸ
780 365 840 429 τὸν
859 361 980 428 ἑαυτοῦ
998 365 1086 429 πόδα

65 470 198 554 ἐξῆλθε,
221 470 348 553 ἡνιόχει
361 468 402 534 V.
423 509 464 516 -
484 478 551 555 φεῦ
603 469 740 556 ἡνιόχει.
764 506 809 516 -

64 577 104 643 V·
131 615 169 626 ...

65 1111 132 1176 660
154 1111 263 1193 ἤγουν
286 1105 313 1175 ὦ
331 1113 471 1193 βασιλεῦ
488 1131 549 1174 πα·
604 1110 671 1175 660
692 1111 841 1193 βαλλῆνα
861 1110 920 1174 τὸν
938 1108 1086 1192 βασιλέα.

64 1212 138 1281 λαιὲ
176 1215 325 1304 (*ἥγουν
362 1222 395 1281 et
430 1211 549 1281 παλαιὲ
603 1215 788 1300 Εὐφορίων
796 1212 1086 1300 δὲΘουρίωνφιχσὶ

66 1345 126 1389 scr.
173 1324 228 1387 alt.
274 1321 331 1410 m.)
362 1322 403 1390 V.
454 1325 548 1406 βασι·
603 1324 665 1406 τὴν
685 1323 867 1390 διάλεκτον.
885 1361 921 1369 -
944 1324 1086 1407 βαλλήντ

64 1433 143 1506 λεὺς
165 1430 249 1494 κατὰ
267 1433 424 1513 Θουρίων
442 1435 549 1513 γίῶσ-
603 1431 761 1514 βασιλεὺς
792 1431 876 1495 κατὰ
909 1432 1084 1511 Θουρίους.

64 1554 140 1620 σαν,
165 1537 210 1613 ὥς
232 1554 338 1621 φησιν
361 1537 547 1620 Εὐφορίων
602 1538 669 1603 664
693 1531 782 1613 εἶδος
804 1536 1026 1620 ὑποδήματος.
1042 1573 1082 1582 -

64 1643 228 1729 (ἐφορίων
260 1640 339 1730 GL)
366 1641 470 1708 BGL.
507 1680 546 1690 -
602 1644 668 1709 665
704 1644 833 1726 τιάραςτ
870 1653 928 1727 τῆς
963 1645 1084 1725 κυρβα-

64 1752 128 1817 661
153 1749 347 1834 *ἀφ<ίκου>
365 1748 405 1814 V.
423 1786 461 1796 —
482 1750 548 1814 662
602 1753 685 1826 σίας.
701 1787 744 1797 -
760 1751 826 1816 666
850 1753 994 1833 φαίνων,
1019 1750 1084 1813 δει-

63 1854 120 1922 ml
147 1857 265 1941 ἐξοχὴν
291 1853 349 1921 καὶ
375 1858 548 1940 περιωπὴν
602 1857 717 1922 κνύων
744 1865 803 1940 τῆς
825 1858 1084 1941 περικεφαλαίας

61 1963 102 2028 V.
140 1948 258 2048 ἐξοχὴν
284 1962 391 2029 BGL.
416 2001 459 2010 -
488 1973 548 2028 τοῦ
601 1965 662 2029 τὸν
685 1965 802 2048 λόφον.
829 2000 866 2010 -

62 2071 175 2154 τάφου
193 2069 230 2134 Β.
248 2107 285 2118 -
303 2071 370 2135 664
389 2071 544 2155 εὔμαριν]

62 2175 147 2260 *τὴν
160 2176 200 2240 V.
218 2213 256 2223 -
282 2174 364 2242 *καὶ
386 2189 491 2243 κινῶν
506 2178 546 2245 V.

61 2295 166 2350 κινῶν
184 2283 288 2350 BGL.
306 2320 342 2330 -
362 2285 428 2350 665
452 2287 546 2366 βασι-

61 2393 168 2472 λείου]
193 2392 274 2474 *τῆς
292 2390 331 2455 V.
356 2427 394 2436 -
415 2390 546 2473 *ἤγουν

60 2497 98 2562 τὸ
127 2494 253 2580 στέμμα
275 2495 316 2560 V.
345 2533 390 2542 —
417 2518 545 2581 περικε-

62 2607 207 2688 φαλαίας
233 2603 275 2668 V.
309 2641 349 2650 —
383 2605 448 2669 666
480 2605 545 2669 δει-

60 2711 174 2776 κνύων
183 2709 223 2776 V.
247 2708 493 2795 ‹pao‘vmvBGh
506 2749 542 2758 —-

62 3051 125 3115 667
150 3048 336 3135 πορεύθητι
360 3047 400 3113 V.
418 3085 456 3095 —
474 3053 544 3114 Λα-

60 3168 128 3240 ρεϊε
139 3155 178 3220 V.
192 3193 229 3203 —
247 3147 294 3236 οἷ]
311 3155 422 3219 *ὅπου
437 3156 544 3238 ἤγουν

59 3263 208 3328 ἐνταῦθα
232 3262 271 3327 V.
300 3299 338 3308 -
369 3262 434 3327 668
463 3261 544 3327 *ἵνα
599 3261 665 3327 676
702 3261 747 3338 ὡς
782 3259 893 3347 ἐπῳδῇ
925 3257 1082 3345 κέχρηται

59 3366 201 3433 VBGL.
237 3406 274 3415 -
311 3367 481 3453 *ἀκούσῃς
505 3368 543 3433 V.
597 3375 642 3455 τῷ
655 3367 708 3454 (τῇ
720 3367 765 3453 m)
776 3365 889 3450 ‘fidum
903 3365 1080 3449 πάτερ’.-

61 3511 100 3521 -
118 3476 184 3540 670
208 3471 235 3540 ὦ
257 3475 361 3560 πάτερ
384 3484 446 3541 τοῦ
464 3476 544 3540 υίοΰ

58 3591 122 3646 σοῦ
152 3579 255 3667 (*εοο.
289 3583 361 3649 add.
397 3584 455 3651 alt.
488 3583 546 3674 m.)
