2430 3856
486 203 697 256 PRAEFATIO.
1031 203 1098 256 LIII

71 363 186 447 ’ἤγουν
214 362 371 430 ἐνταῦθα.
422 365 589 450 Imprimis
622 386 697 430 vero
731 386 769 429 ea
801 364 966 431 mentione
998 364 1098 450 digua

81 475 158 536 sunt
181 472 338 557 exempla,
362 472 418 537 ubi
439 471 480 538 ad
498 473 699 558 glossemata
718 493 738 536 a
755 471 863 556 priora
882 472 991 538 scriba
1009 472 1098 555 picta

81 577 164 643 alter
188 577 410 643 additamenta
433 578 595 663 adposuit,
617 578 657 644 of.
676 579 770 644 haec:

146 684 188 769 gl.
208 683 240 750 V
264 685 330 750 660
354 679 380 750 ds
403 687 557 768 βασιλεῦ,
584 685 642 750 alt.
666 707 708 753 m.
732 686 804 749 add.
827 685 935 768 ἤγουν
959 689 1035 750 ante
1058 679 1096 768 ὦ,

78 786 198 856 παλνιὲ
221 795 297 875 post
320 794 468 875 βασιλεῦ.
498 828 530 839 -
559 793 602 878 gl.
623 791 652 857 V
672 792 736 858 599
760 791 781 876 ἡ
804 788 967 875 Σαλαμὶς,
990 792 1097 875 ἤγουν

79 897 151 964 add.
171 898 228 964 alt.
246 920 288 963 m.
309 935 346 945 -
367 899 412 982 gl.
431 897 462 963 V
482 899 547 965 597
567 901 643 982 βίας
662 900 871 982 destruncato,
889 896 945 964 καὶ
963 907 1021 983 τῆς
1039 899 1098 963 illa

78 1004 151 1070 add.
174 1041 218 1052 -
243 1006 286 1092 gl.
304 1004 336 1071 V
356 1006 419 1072 621
450 1003 621 1090 στέφανοι,
649 1006 709 1071 illa
738 1007 810 1072 add.
832 1005 949 1088 ἤγουν.
978 1041 1020 1052 -
1053 1007 1097 1089 gl.

78 1111 110 1177 V
129 1113 196 1179 812
222 1114 342 1195 ναοὺς,
374 1112 433 1178 illa
465 1112 537 1178 add.
564 1114 651 1190 τοὺς.
677 1149 716 1160 -
747 1113 790 1198 gl.
810 1112 840 1177 V
860 1115 923 1179 821
950 1114 990 1178 τὰ
1016 1113 1098 1178 ὀστᾶ

78 1223 158 1302 art,
180 1215 237 1283 καὶ
258 1219 316 1284 illa
339 1217 559 1306 praescripsit.
585 1256 624 1267 -
649 1221 693 1305 gl.
712 1219 743 1284 V
763 1221 827 1286 879
846 1217 902 1285 καὶ
922 1214 1024 1305 adque
1041 1217 1097 1285 καὶ

79 1327 233 1411 καύχημα
251 1327 400 1410 ἔχουσαι,
417 1324 478 1390 τὸν
496 1330 645 1412 Δαρεῖον
669 1325 741 1394 add.
763 1327 830 1392 illa.

145 1433 209 1498 Est
249 1432 314 1498 ista
355 1433 510 1499 nimirum
552 1433 712 1518 cupiditas
755 1433 926 1499 scribendi.
993 1431 1097 1509 Quam

81 1543 191 1605 autem
214 1543 362 1605 accurate
387 1562 425 1605 ea
444 1541 621 1625 perlegerit
643 1540 806 1624 librarius,
830 1563 911 1625 quae
935 1540 1025 1624 prior
1044 1561 1097 1604 ex·

80 1646 201 1730 aravit,
223 1645 298 1711 inde
321 1647 462 1712 maxime
486 1651 636 1732 apparet,
660 1646 745 1731 quod
768 1648 812 1733 gl.
836 1647 902 1712 670
926 1649 1097 1711 accentum

80 1752 122 1817 ab
149 1752 209 1817 illo
238 1753 395 1818 omissum
423 1753 547 1839 posuit,
575 1776 604 1818 v.
634 1752 722 1835 1015
747 1757 915 1818 accentum
948 1752 1098 1836 correxit,

81 1860 125 1945 gl.
149 1859 236 1925 1069
269 1859 456 1925 litterarum
488 1860 662 1925 nonnullas
695 1859 832 1925 lineolae
858 1880 961 1942 paene
989 1859 1098 1924 evani-

80 1965 138 2031 das
167 1987 226 2030 suo
254 1967 379 2052 liquore
407 1967 526 2032 iterum
552 1967 669 2053 pinxit,
696 1988 796 2051 supra
823 1987 943 2031 nomen
970 1964 1097 2048 Xerxis,

81 2071 168 2158 quod
188 2096 216 2138 r.
234 2074 298 2140 736
322 2073 454 2159 legitur,
476 2072 597 2141 lineam
622 2075 723 2158 duxit,
747 2095 828 2159 quae
848 2095 946 2157 supra
965 2073 1098 2139 nomina

80 2179 178 2244 scribi
207 2179 344 2245 solebat.
389 2181 473 2246 Tum
502 2183 545 2265 gl.
569 2181 634 2247 705
662 2183 746 2267 πρὸς
772 2181 832 2246 τὸν
860 2181 963 2265 χορὸν
991 2202 1030 2245 ex
1059 2201 1097 2245 οο

80 2283 235 2351 haustum
254 2290 313 2371 est,
337 2289 423 2371 quod
441 2288 591 2372 proximo
605 2310 702 2354 versu
721 2312 740 2353 a
754 2289 862 2372 priore
877 2309 977 2352 manu
991 2286 1098 2363 datur,

78 2393 163 2476 πρὸς
194 2393 257 2476 τὴν
280 2391 455 2460 ’Ἄτοσσαν
501 2392 564 2459 sed
597 2395 684 2479 quod
716 2394 782 2459 dixi
815 2416 832 2460 e
865 2394 965 2459 schol.
996 2415 1097 2478 marg.

80 2499 184 2583 petita
207 2521 288 2586 esse,
311 2522 392 2586 quae
416 2521 490 2565 cum
514 2499 560 2565 eis
577 2500 763 2582 concinant,
785 2499 939 2582 inspicias
959 2500 1003 2583 gl.
1023 2501 1097 2565 827.

79 2602 146 2670 Ubi
165 2606 254 2690 prior
272 2606 425 2671 librarius
445 2628 544 2691 supra
561 2608 623 2672 τὸν
640 2608 789 2693 παρόντα
805 2606 949 2690 δαίμονα
963 2605 1097 2690 scripsit

78 2714 142 2796 τὴν
165 2721 273 2779 οῦσοιν
295 2713 463 2798 εὐτυχίαν,
491 2712 577 2798 quod
604 2713 697 2798 legas
719 2714 781 2797 τὴν
804 2720 979 2798 παροῦσαν
1002 2712 1096 2778 εὐτυ-

79 2821 165 2904 χίαν.
211 2821 305 2886 Alter
327 2820 480 2906 praefixit
502 2835 591 2905 προσ
609 2824 685 2886 ante
704 2829 821 2904 οῦσαν,
845 2842 917 2886 cum
939 2820 973 2885 in
993 2841 1096 2905 marg.

81 2926 147 2992 sch.
171 2927 350 2992 invenisset
372 2928 435 3010 τὴν
457 2935 653 3011 προσοῦσαν
676 2926 765 3015 αὐτῷ
788 2927 953 3013 εὐτυχίαν.

146 3032 256 3119 Atque
283 3034 346 3100 hoo
372 3039 496 3100 certum
523 3038 585 3099 est:
614 3033 642 3098 si
665 3033 843 3120 dempseris
872 3056 923 3118 ea,
952 3056 1033 3119 quae
1061 3035 1095 3099 in

80 3139 212 3206 scholiis
235 3160 337 3226 marg.
357 3144 391 3205 et
410 3140 467 3226 gll.
487 3141 528 3205 ab
552 3141 656 3206 altera
675 3162 775 3206 manu
794 3142 935 3206 exaratis
958 3141 1042 3206 iuter
1061 3163 1096 3206 se

80 3248 173 3330 paria
196 3251 283 3331 sunt,
305 3248 505 3332 paucissima
527 3251 661 3332 restare,
684 3269 767 3332 quac
791 3247 936 3333 aliquam
954 3247 1096 3332 speciem

79 3373 174 3419 verae
204 3353 428 3419 adnotationis
461 3376 500 3418 ex
532 3353 711 3438 archetypo
744 3354 881 3420 haustae
910 3353 1096 3438 praebeant.

79 3459 189 3546 Atque
212 3482 251 3526 ea
273 3461 421 3546 proiecto
446 3481 463 3525 e
486 3459 589 3526 lexico
614 3460 758 3547 quodam
780 3460 921 3545 repetita
943 3464 1028 3525 sunt.

146 3565 195 3634 Ut
222 3573 332 3634 autem
365 3567 417 3634 hic
449 3566 603 3634 librarius
635 3566 840 3633 scholiorum
866 3567 1119 3650 marqssxnaxxm
