2430 3856
476 170 515 221 ΙΝ
533 169 565 221 V.
585 171 736 221 290-297.

97 329 245 414 Πέρσαις
281 329 321 395 V.
390 335 581 414 πολεμικοῖς

96 436 245 522 Πέρσαις
274 436 342 501 HG
380 433 451 524 (sed
483 441 580 502 πολε-

96 547 185 630 μίοις
204 543 242 610 G.
274 542 387 609 Solum
409 545 580 626 πολεμίοις

96 647 181 733 BL).
213 687 250 696 —
286 650 352 715 290
384 650 521 734 πάρεστι
539 647 579 714 V.

97 757 257 841 πάρεστιν
300 761 338 820 ut
379 757 506 821 videtur
538 755 579 820 H.

97 864 251 948 πάρεισιν
276 863 345 928 GL.
372 901 409 910 —

96 972 159 1036 291
186 971 237 1036 ὅτι
252 969 329 1034 VH.
352 1005 390 1016 -
413 970 525 1045 πόλεις
539 967 578 1033 V.

96 1075 238 1162 μητέρας
264 1076 284 1161 ἢ
311 1077 453 1161 γαμετάς
476 1073 496 1158 ἢ
520 1077 578 1140 πό-

96 1189 164 1261 λεις
186 1183 222 1248 L.
249 1220 287 1230 —
319 1184 386 1248 292
418 1181 579 1264 ἐποίησαν

100 1289 233 1356 VHGL
258 1290 347 1374 (ante
375 1291 436 1354 hoc
465 1288 579 1373 ἐτιμώ-

96 1413 204 1481 ρησαν
218 1396 270 1483 Ιι).
294 1435 331 1445 -
354 1398 501 1477 εὔνιδας]
520 1420 578 1479 yv-

95 1515 213 1580 ναῖκας
256 1504 290 1568 Η
335 1502 493 1592 (pertinet
538 1504 578 1568 ad

95 1613 221 1688 πολλάς
234 1635 263 1676 v.
278 1611 367 1696 291).
388 1647 429 1657 -
449 1609 577 1693 ἐστερη-

96 1715 197 1801 μένας
211 1716 250 1782 V.
269 1754 305 1764 -
328 1714 399 1800 ηδ’]
420 1714 476 1782 καὶ
489 1715 528 1780 V.
542 1753 576 1762 —

94 1824 139 1908 μὴ
165 1823 304 1909 ἐχούσας
331 1825 457 1910 ἄνδρας
479 1822 515 1887 V.
537 1860 577 1872 ·-

96 2357 161 2423 293
190 2354 264 2422 ἀντὶ
292 2365 353 2422 τοῦ
378 2355 514 2442 ἐσίνησα
539 2357 577 2423 V.

99 2502 137 2510 —
177 2464 279 2529 ἀθλία
315 2463 388 2530 VL.
430 2503 468 2510 -
512 2465 578 2529 294

95 2571 258 2658 ὑπερνικᾷ
268 2570 344 2636 VH.
355 2609 397 2617 —
412 2573 478 2636 296
492 2596 578 2654 γνω-

96 2678 193 2762 μικὸν
209 2700 347 2761 praescr.
362 2681 396 2742 in
411 2678 522 2744 VHG.
534 2716 577 2724 —

96 2784 236 2868 ὑπάρχει
250 2784 292 2849 Η.
311 2823 347 2832 -
369 2785 577 2869 βλάβαςἩν.

95 2929 139 2938 --
154 2894 300 2975 βροτοῖς]
320 2893 379 2969 τάς
399 2890 435 2956 ἐν
454 2903 522 2970 τοῖς
536 2893 578 2958 H.

95 3000 250 3084 βροτοὺς]
274 3001 353 3076 τοὺς
376 2999 578 3084 ἀνθρώπους

95 3104 135 3170 V.
159 3143 202 3151 -
226 3103 407 3190 ὑπομένειν
431 3105 507 3170 VH.
537 3143 574 3152 —

95 3212 159 3278 297
184 3216 290 3295 θεῶν]
315 3224 382 3278 τῶν
403 3213 440 3276 V.
464 3251 501 3258 —
528 3214 577 3277 δι-

96 3320 240 3402 δόντων]
268 3319 392 3401 αὐτοῖς,
421 3321 578 3404 δηλονότι

96 3425 198 3503 αὐτάς
212 3426 251 3491 V.
272 3465 315 3474 -
336 3426 578 3511 ἐξηγησάμενος

94 3531 131 3596 V.
154 3531 369 3613 άνακαλάψας
389 3535 430 3602 Η.
453 3574 496 3583 -

634 969 696 1034 291
724 972 882 1053 ματαίως,
909 963 1015 1054 μηδὲν
1038 971 1114 1054 βηα.

633 1075 742 1152 νάσοις
761 1073 843 1162 (gh).
864 1113 900 1122 —
922 1077 987 1142 292
1004 1074 1115 1159 ἐποίη-

633 1179 853 1270 oav(g1.).-
873 1182 1032 1268 ὀοφανᾶε.
1054 1220 1092 1229 -

632 2465 698 2530 295
721 2467 826 2530 λείπει
848 2463 869 2547 ἡ
893 2485 987 2549 προς,
1011 2479 1114 2548 προσ-

633 2571 731 2650 λέξαι.
759 2579 906 2637 τοιοῦτοι
925 2566 961 2636 δὲ
980 2571 1016 2635 οἱ
1032 2586 1113 2654 συμ-

632 2689 755 2764 φοραῖς
791 2679 948 2764 μεγάλαις
982 2680 1113 2761 κατεχά-

632 2811 737 2872 μενοι.
762 2824 796 2833 -
