<?xml version="1.0" encoding="UTF-8"?>
<!DOCTYPE html PUBLIC "-//W3C//DTD XHTML 1.0 Transitional//EN"
    "http://www.w3.org/TR/xhtml1/DTD/xhtml1-transitional.dtd">
<html xmlns="http://www.w3.org/1999/xhtml" xml:lang="en" lang="en">
 <head>
  <title>
</title>
<meta http-equiv="Content-Type" content="text/html;charset=utf-8" />
  <meta name='ocr-system' content='tesseract 3.04.00' />
  <meta name='ocr-capabilities' content='ocr_page ocr_carea ocr_par ocr_line ocrx_word'/>
</head>
<body>
  <div class='ocr_page' id='page_1' title='image "./scholiainaeschy01dhgoog_0265.png"; bbox 0 0 2430 3856; ppageno 0'>
   <div class='ocr_carea' id='block_1_1' title="bbox 480 175 725 238">
    <p class='ocr_par' dir='ltr' id='par_1_1' title="bbox 480 175 725 238">
     <span class='ocr_line' id='line_1_1' title="bbox 480 175 725 238; baseline 0 -12"><span class='ocrx_word' id='word_1_1' title='bbox 480 232 483 238; x_wconf 56' lang='grc'><strong>,</strong></span> <span class='ocrx_word' id='word_1_2' title='bbox 568 175 725 227; x_wconf 81' lang='lat' dir='ltr'>SOHOLIA</span> 
     </span>
    </p>
   </div>
   <div class='ocr_carea' id='block_1_2' title="bbox 136 549 1156 959">
    <p class='ocr_par' dir='ltr' id='par_1_2' title="bbox 136 549 1156 959">
     <span class='ocr_line' id='line_1_2' title="bbox 204 549 1156 638; baseline 0.001 -21"><span class='ocrx_word' id='word_1_3' title='bbox 204 552 267 617; x_wconf 82' lang='lat'><strong><em>671</em></strong></span> <span class='ocrx_word' id='word_1_4' title='bbox 280 573 348 636; x_wconf 84' lang='lat' dir='ltr'><strong>sqq.</strong></span> <span class='ocrx_word' id='word_1_5' title='bbox 383 550 631 616; x_wconf 84' lang='grc' dir='ltr'><strong><em>έπιτετάνυσται</em></strong></span> <span class='ocrx_word' id='word_1_6' title='bbox 651 552 715 638; x_wconf 86' lang='grc' dir='ltr'><strong><em>γάρ</em></strong></span> <span class='ocrx_word' id='word_1_7' title='bbox 734 549 789 616; x_wconf 83' lang='grc' dir='ltr'><strong><em>καλ</em></strong></span> <span class='ocrx_word' id='word_1_8' title='bbox 810 551 993 635; x_wconf 80' lang='grc' dir='ltr'><strong><em>ἐξηπλωται</em></strong></span> <span class='ocrx_word' id='word_1_9' title='bbox 1012 555 1156 636; x_wconf 79' lang='grc' dir='ltr'><em>στυγερὰ</em></span> 
     </span>
     <span class='ocr_line' id='line_1_3' title="bbox 136 655 1155 744; baseline 0.003 -21"><span class='ocrx_word' id='word_1_10' title='bbox 136 655 191 723; x_wconf 84' lang='grc' dir='ltr'><strong><em>καὶ</em></strong></span> <span class='ocrx_word' id='word_1_11' title='bbox 216 662 335 743; x_wconf 73' lang='grc' dir='ltr'><strong><em>μισητά</em></strong></span> <span class='ocrx_word' id='word_1_12' title='bbox 359 683 409 735; x_wconf 89' lang='grc' dir='ltr'><strong><em>τις</em></strong></span> <span class='ocrx_word' id='word_1_13' title='bbox 432 658 533 744; x_wconf 87' lang='grc' dir='ltr'><strong><em>άχλὺς</em></strong></span> <span class='ocrx_word' id='word_1_14' title='bbox 559 655 615 723; x_wconf 86' lang='grc' dir='ltr'><strong><em>καλ</em></strong></span> <span class='ocrx_word' id='word_1_15' title='bbox 638 662 764 737; x_wconf 76' lang='grc' dir='ltr'><strong><em>θλίψις.</em></strong></span> <span class='ocrx_word' id='word_1_16' title='bbox 810 668 900 724; x_wconf 86' lang='grc' dir='ltr'><strong><em>πᾶσα</em></strong></span> <span class='ocrx_word' id='word_1_17' title='bbox 927 660 991 744; x_wconf 90' lang='grc' dir='ltr'><strong><em>γδιρ</em></strong></span> <span class='ocrx_word' id='word_1_18' title='bbox 1020 664 1155 726; x_wconf 79' lang='grc' dir='ltr'><strong><em>νεολαία</em></strong></span> 
     </span>
     <span class='ocr_line' id='line_1_4' title="bbox 136 763 1154 851; baseline 0.004 -23"><span class='ocrx_word' id='word_1_19' title='bbox 136 763 192 830; x_wconf 85' lang='grc' dir='ltr'><strong><em>καλ</em></strong></span> <span class='ocrx_word' id='word_1_20' title='bbox 221 765 241 848; x_wconf 81' lang='grc' dir='ltr'><em>ἡ</em></span> <span class='ocrx_word' id='word_1_21' title='bbox 269 776 337 830; x_wconf 83' lang='grc' dir='ltr'><strong><em>τῶν</em></strong></span> <span class='ocrx_word' id='word_1_22' title='bbox 361 770 504 851; x_wconf 84' lang='grc' dir='ltr'><strong><em>Περσῶν</em></strong></span> <span class='ocrx_word' id='word_1_23' title='bbox 526 765 637 848; x_wconf 81' lang='grc' dir='ltr'><strong><em>ἡλικία</em></strong></span> <span class='ocrx_word' id='word_1_24' title='bbox 664 763 720 831; x_wconf 81' lang='grc' dir='ltr'><strong><em>καὶ</em></strong></span> <span class='ocrx_word' id='word_1_25' title='bbox 748 767 863 849; x_wconf 86' lang='grc' dir='ltr'><strong><em>νεότης</em></strong></span> <span class='ocrx_word' id='word_1_26' title='bbox 892 764 1078 845; x_wconf 81' lang='grc' dir='ltr'><strong><em>ἐξαπόλωλε</em></strong></span> <span class='ocrx_word' id='word_1_27' title='bbox 1100 765 1154 832; x_wconf 82' lang='grc' dir='ltr'><strong><em>καὶ</em></strong></span> 
     </span>
     <span class='ocr_line' id='line_1_5' title="bbox 136 869 546 959; baseline 0.002 -23"><span class='ocrx_word' id='word_1_28' title='bbox 136 869 316 959; x_wconf 77' lang='grc' dir='ltr'><strong><em>παρςόχετο.</em></strong></span> <span class='ocrx_word' id='word_1_29' title='bbox 341 871 546 957; x_wconf 84' lang='lat' dir='ltr'>vulgoDd.V.</span> 
     </span>
    </p>
   </div>
   <div class='ocr_carea' id='block_1_3' title="bbox 209 1009 785 1080">
    <p class='ocr_par' dir='ltr' id='par_1_3' title="bbox 209 1009 785 1080">
     <span class='ocr_line' id='line_1_6' title="bbox 209 1009 785 1080; baseline 0 -17"><span class='ocrx_word' id='word_1_30' title='bbox 209 1016 224 1063; x_wconf 75' lang='lat'><strong>2</strong></span> <span class='ocrx_word' id='word_1_31' title='bbox 243 1029 285 1072; x_wconf 87' lang='grc' dir='ltr'><strong><em>τις</em></strong></span> <span class='ocrx_word' id='word_1_32' title='bbox 304 1026 358 1064; x_wconf 91' lang='lat' dir='ltr'><strong><em>om.</em></strong></span> <span class='ocrx_word' id='word_1_33' title='bbox 373 1010 399 1063; x_wconf 90' lang='lat' dir='ltr'><strong>V</strong></span> <span class='ocrx_word' id='word_1_34' title='bbox 418 1041 452 1051; x_wconf 90' lang='lat'><em>-</em></span> <span class='ocrx_word' id='word_1_35' title='bbox 471 1017 487 1065; x_wconf 87' lang='lat'><strong>3</strong></span> <span class='ocrx_word' id='word_1_36' title='bbox 507 1010 555 1064; x_wconf 79' lang='grc' dir='ltr'><strong><em>καί</em></strong></span> <span class='ocrx_word' id='word_1_37' title='bbox 575 1009 672 1080; x_wconf 78' lang='grc' dir='ltr'><strong><em>νεότης</em></strong></span> <span class='ocrx_word' id='word_1_38' title='bbox 691 1027 744 1066; x_wconf 89' lang='lat' dir='ltr'><strong><em>om.</em></strong></span> <span class='ocrx_word' id='word_1_39' title='bbox 760 1011 785 1063; x_wconf 91' lang='lat' dir='ltr'>V</span> 
     </span>
    </p>
   </div>
   <div class='ocr_carea' id='block_1_4' title="bbox 111 1614 1158 2453">
    <p class='ocr_par' dir='ltr' id='par_1_4' title="bbox 138 1614 1156 2024">
     <span class='ocr_line' id='line_1_7' title="bbox 205 1614 1156 1703; baseline 0.001 -18"><span class='ocrx_word' id='word_1_40' title='bbox 205 1619 270 1685; x_wconf 80' lang='lat'><strong><em>678</em></strong></span> <span class='ocrx_word' id='word_1_41' title='bbox 281 1640 349 1703; x_wconf 81' lang='lat' dir='ltr'><strong>sqq.</strong></span> <span class='ocrx_word' id='word_1_42' title='bbox 386 1620 422 1683; x_wconf 94' lang='grc' dir='ltr'><strong><em>τί</em></strong></span> <span class='ocrx_word' id='word_1_43' title='bbox 436 1617 524 1697; x_wconf 86' lang='grc' dir='ltr'><strong><em>τάδε,</em></strong></span> <span class='ocrx_word' id='word_1_44' title='bbox 543 1617 705 1683; x_wconf 73' lang='grc' dir='ltr'><strong><em>δυνάσται</em></strong></span> <span class='ocrx_word' id='word_1_45' title='bbox 730 1621 773 1702; x_wconf 89' lang='grc' dir='ltr'><strong><em>τί,</em></strong></span> <span class='ocrx_word' id='word_1_46' title='bbox 792 1614 818 1684; x_wconf 81' lang='grc' dir='ltr'><em>ὦ</em></span> <span class='ocrx_word' id='word_1_47' title='bbox 839 1619 998 1703; x_wconf 90' lang='grc' dir='ltr'><strong><em>δυνάστα,</em></strong></span> <span class='ocrx_word' id='word_1_48' title='bbox 1021 1620 1156 1686; x_wconf 85' lang='grc' dir='ltr'><strong><em>τάδετὰ</em></strong></span> 
     </span>
     <span class='ocr_line' id='line_1_8' title="bbox 138 1722 1156 1812; baseline 0.001 -21"><span class='ocrx_word' id='word_1_49' title='bbox 138 1727 263 1810; x_wconf 92' lang='grc' dir='ltr'><strong><em>δίδυμα</em></strong></span> <span class='ocrx_word' id='word_1_50' title='bbox 279 1722 333 1791; x_wconf 82' lang='grc' dir='ltr'><strong><em>καλ</em></strong></span> <span class='ocrx_word' id='word_1_51' title='bbox 349 1725 449 1791; x_wconf 81' lang='grc' dir='ltr'><strong><em>διπλᾶ</em></strong></span> <span class='ocrx_word' id='word_1_52' title='bbox 463 1724 605 1810; x_wconf 84' lang='grc' dir='ltr'><strong><em>ἁμάρτια</em></strong></span> <span class='ocrx_word' id='word_1_53' title='bbox 624 1722 680 1790; x_wconf 84' lang='grc' dir='ltr'><strong><em>καὶ</em></strong></span> <span class='ocrx_word' id='word_1_54' title='bbox 698 1724 912 1812; x_wconf 77' lang='grc' dir='ltr'><strong><em>ἁμαρτήματα</em></strong></span> <span class='ocrx_word' id='word_1_55' title='bbox 933 1726 1083 1810; x_wconf 76' lang='grc' dir='ltr'><strong><em>διάγοιεν</em></strong></span> <span class='ocrx_word' id='word_1_56' title='bbox 1102 1725 1156 1792; x_wconf 79' lang='grc' dir='ltr'><strong><em>καλ</em></strong></span> 
     </span>
     <span class='ocr_line' id='line_1_9' title="bbox 139 1830 1156 1918; baseline 0.002 -20"><span class='ocrx_word' id='word_1_57' title='bbox 139 1834 294 1917; x_wconf 77' lang='grc' dir='ltr'><strong><em>διάγουσι</em></strong></span> <span class='ocrx_word' id='word_1_58' title='bbox 322 1831 398 1917; x_wconf 81' lang='grc' dir='ltr'><strong><em>περὶ</em></strong></span> <span class='ocrx_word' id='word_1_59' title='bbox 427 1841 467 1918; x_wconf 77' lang='grc' dir='ltr'><strong><em>τῇ</em></strong></span> <span class='ocrx_word' id='word_1_60' title='bbox 497 1840 538 1917; x_wconf 74' lang='grc' dir='ltr'><strong><em>σῇ</em></strong></span> <span class='ocrx_word' id='word_1_61' title='bbox 567 1841 611 1918; x_wconf 71' lang='grc' dir='ltr'><strong><em>γη</em></strong></span> <span class='ocrx_word' id='word_1_62' title='bbox 638 1832 732 1918; x_wconf 71' lang='grc' dir='ltr'><strong><em>τῇδες</em></strong></span> <span class='ocrx_word' id='word_1_63' title='bbox 771 1833 895 1916; x_wconf 90' lang='grc' dir='ltr'><strong><em>δίδυμα</em></strong></span> <span class='ocrx_word' id='word_1_64' title='bbox 927 1830 964 1898; x_wconf 71' lang='grc' dir='ltr'><strong><em>δέ</em></strong></span> <span class='ocrx_word' id='word_1_65' title='bbox 991 1833 1012 1918; x_wconf 76' lang='grc' dir='ltr'><strong><em>ἣ</em></strong></span> <span class='ocrx_word' id='word_1_66' title='bbox 1041 1835 1098 1900; x_wconf 87' lang='grc' dir='ltr'><strong><em>διά</em></strong></span> <span class='ocrx_word' id='word_1_67' title='bbox 1120 1835 1156 1900; x_wconf 83' lang='grc' dir='ltr'><strong><em>τὸ</em></strong></span> 
     </span>
     <span class='ocr_line' id='line_1_10' title="bbox 139 1936 1156 2024; baseline 0.002 -19"><span class='ocrx_word' id='word_1_68' title='bbox 139 1939 191 2006; x_wconf 83' lang='grc' dir='ltr'><strong><em>ἐπὶ</em></strong></span> <span class='ocrx_word' id='word_1_69' title='bbox 214 1949 276 2006; x_wconf 88' lang='grc' dir='ltr'><strong><em>τοῦ</em></strong></span> <span class='ocrx_word' id='word_1_70' title='bbox 295 1942 445 2023; x_wconf 83' lang='grc' dir='ltr'><strong><em>Δαρείου</em></strong></span> <span class='ocrx_word' id='word_1_71' title='bbox 468 1936 529 2024; x_wconf 73' lang='grc' dir='ltr'><strong><em>μὲν</em></strong></span> <span class='ocrx_word' id='word_1_72' title='bbox 552 1937 585 2005; x_wconf 86' lang='grc' dir='ltr'><strong><em>λ’</em></strong></span> <span class='ocrx_word' id='word_1_73' title='bbox 609 1946 822 2023; x_wconf 78' lang='grc' dir='ltr'><strong><em>φονευθῆναι</em></strong></span> <span class='ocrx_word' id='word_1_74' title='bbox 844 1941 1005 2024; x_wconf 78' lang='grc' dir='ltr'><strong><em>χιλιάδας,</em></strong></span> <span class='ocrx_word' id='word_1_75' title='bbox 1028 1950 1095 2007; x_wconf 87' lang='grc' dir='ltr'><strong><em>νῦν</em></strong></span> <span class='ocrx_word' id='word_1_76' title='bbox 1120 1937 1156 2007; x_wconf 74' lang='grc' dir='ltr'><strong><em>δὲ</em></strong></span> 
     </span>
    </p>

    <p class='ocr_par' dir='ltr' id='par_1_5' title="bbox 111 2043 1158 2453">
     <span class='ocr_line' id='line_1_11' title="bbox 111 2043 1157 2132; baseline 0.002 -20"><span class='ocrx_word' id='word_1_77' title='bbox 111 2045 192 2112; x_wconf 73' lang='grc' dir='ltr'><strong><em>σε’πλ</em></strong></span> <span class='ocrx_word' id='word_1_78' title='bbox 215 2056 275 2112; x_wconf 85' lang='grc' dir='ltr'><strong><em>τοῦ</em></strong></span> <span class='ocrx_word' id='word_1_79' title='bbox 288 2045 416 2131; x_wconf 71' lang='grc' dir='ltr'><strong><em>Ξέρξου</em></strong></span> <span class='ocrx_word' id='word_1_80' title='bbox 435 2043 467 2111; x_wconf 79' lang='grc' dir='ltr'><strong><em>λ’</em></strong></span> <span class='ocrx_word' id='word_1_81' title='bbox 488 2047 664 2130; x_wconf 89' lang='grc' dir='ltr'><strong><em>μυριάδας·</em></strong></span> <span class='ocrx_word' id='word_1_82' title='bbox 688 2046 708 2131; x_wconf 80' lang='grc' dir='ltr'><strong><em>ἢ</em></strong></span> <span class='ocrx_word' id='word_1_83' title='bbox 731 2047 784 2113; x_wconf 82' lang='grc' dir='ltr'><strong><em>ὅτι</em></strong></span> <span class='ocrx_word' id='word_1_84' title='bbox 802 2045 938 2132; x_wconf 87' lang='grc' dir='ltr'><strong><em>Πέρσου</em></strong></span> <span class='ocrx_word' id='word_1_85' title='bbox 956 2044 1012 2111; x_wconf 78' lang='grc' dir='ltr'><strong><em>καὶ</em></strong></span> <span class='ocrx_word' id='word_1_86' title='bbox 1030 2047 1157 2131; x_wconf 77' lang='grc' dir='ltr'><strong><em>Ξέρξου</em></strong></span> 
     </span>
     <span class='ocr_line' id='line_1_12' title="bbox 138 2150 1157 2240; baseline 0.002 -21"><span class='ocrx_word' id='word_1_87' title='bbox 138 2152 226 2228; x_wconf 85' lang='grc' dir='ltr'><strong><em>τινές</em></strong></span> <span class='ocrx_word' id='word_1_88' title='bbox 249 2155 335 2217; x_wconf 82' lang='grc' dir='ltr'><strong><em>εἰσιν</em></strong></span> <span class='ocrx_word' id='word_1_89' title='bbox 358 2151 514 2236; x_wconf 82' lang='grc' dir='ltr'><strong><em>ἁμαρτίαι</em></strong></span> <span class='ocrx_word' id='word_1_90' title='bbox 538 2150 594 2217; x_wconf 83' lang='grc' dir='ltr'><strong><em>καλ</em></strong></span> <span class='ocrx_word' id='word_1_91' title='bbox 618 2153 748 2238; x_wconf 86' lang='grc' dir='ltr'><strong><em>άτυχίαι</em></strong></span> <span class='ocrx_word' id='word_1_92' title='bbox 770 2151 977 2240; x_wconf 74' lang='grc' dir='ltr'><strong><em>ἡρμοσμέναι</em></strong></span> <span class='ocrx_word' id='word_1_93' title='bbox 1001 2153 1096 2239; x_wconf 86' lang='grc' dir='ltr'><strong><em>ὁμοῦ.</em></strong></span> <span class='ocrx_word' id='word_1_94' title='bbox 1136 2153 1157 2238; x_wconf 76' lang='grc' dir='ltr'><em>ἢ</em></span> 
     </span>
     <span class='ocr_line' id='line_1_13' title="bbox 138 2257 1158 2344; baseline 0.003 -20"><span class='ocrx_word' id='word_1_95' title='bbox 138 2260 178 2325; x_wconf 80' lang='grc' dir='ltr'><strong><em>τὰ</em></strong></span> <span class='ocrx_word' id='word_1_96' title='bbox 202 2261 326 2344; x_wconf 91' lang='grc' dir='ltr'><strong><em>δίδυμα</em></strong></span> <span class='ocrx_word' id='word_1_97' title='bbox 349 2260 389 2323; x_wconf 84' lang='grc' dir='ltr'><strong><em>τά</em></strong></span> <span class='ocrx_word' id='word_1_98' title='bbox 413 2259 449 2324; x_wconf 83' lang='grc' dir='ltr'><strong><em>ἐν</em></strong></span> <span class='ocrx_word' id='word_1_99' title='bbox 473 2263 657 2336; x_wconf 81' lang='grc' dir='ltr'><strong><em>Πλαταιαῖς</em></strong></span> <span class='ocrx_word' id='word_1_100' title='bbox 681 2259 885 2344; x_wconf 79' lang='grc' dir='ltr'><strong><em>γεγενημένα</em></strong></span> <span class='ocrx_word' id='word_1_101' title='bbox 908 2257 963 2325; x_wconf 84' lang='grc' dir='ltr'><strong><em>καλ</em></strong></span> <span class='ocrx_word' id='word_1_102' title='bbox 986 2259 1023 2326; x_wconf 85' lang='grc' dir='ltr'><strong><em>έν</em></strong></span> <span class='ocrx_word' id='word_1_103' title='bbox 1047 2266 1158 2327; x_wconf 82' lang='grc' dir='ltr'><strong><em>Σαλα·</em></strong></span> 
     </span>
     <span class='ocr_line' id='line_1_14' title="bbox 139 2362 983 2453; baseline -0.001 -20"><span class='ocrx_word' id='word_1_104' title='bbox 139 2377 211 2453; x_wconf 83' lang='grc' dir='ltr'><strong><em>μῖνι</em></strong></span> <span class='ocrx_word' id='word_1_105' title='bbox 234 2365 326 2432; x_wconf 86' lang='grc' dir='ltr'><strong><em>κακά.</em></strong></span> <span class='ocrx_word' id='word_1_106' title='bbox 372 2367 409 2432; x_wconf 92' lang='grc' dir='ltr'><strong><em>τὸ</em></strong></span> <span class='ocrx_word' id='word_1_107' title='bbox 434 2362 471 2430; x_wconf 73' lang='grc' dir='ltr'><strong><em>δὲ</em></strong></span> <span class='ocrx_word' id='word_1_108' title='bbox 495 2366 621 2431; x_wconf 90' lang='grc' dir='ltr'><strong><em>δυνάτα</em></strong></span> <span class='ocrx_word' id='word_1_109' title='bbox 645 2364 720 2432; x_wconf 85' lang='grc' dir='ltr'><strong><em>άντλ</em></strong></span> <span class='ocrx_word' id='word_1_110' title='bbox 742 2375 803 2432; x_wconf 84' lang='grc' dir='ltr'><strong><em>τοῦ</em></strong></span> <span class='ocrx_word' id='word_1_111' title='bbox 827 2367 983 2433; x_wconf 81' lang='grc' dir='ltr'><strong><em>δυνάστα.</em></strong></span> 
     </span>
    </p>
   </div>
   <div class='ocr_carea' id='block_1_5' title="bbox 138 2482 1159 3346">
    <p class='ocr_par' dir='ltr' id='par_1_6' title="bbox 138 2482 1159 3346">
     <span class='ocr_line' id='line_1_15' title="bbox 212 2482 1159 2560; baseline 0.002 -17"><span class='ocrx_word' id='word_1_112' title='bbox 212 2496 226 2543; x_wconf 92' lang='grc'>1</span> <span class='ocrx_word' id='word_1_113' title='bbox 245 2491 276 2544; x_wconf 89' lang='grc' dir='ltr'><strong><em>τί</em></strong></span> <span class='ocrx_word' id='word_1_114' title='bbox 290 2490 357 2543; x_wconf 75' lang='lat' dir='ltr'>ante</span> <span class='ocrx_word' id='word_1_115' title='bbox 376 2482 397 2542; x_wconf 85' lang='grc' dir='ltr'><strong><em>ὦ</em></strong></span> <span class='ocrx_word' id='word_1_116' title='bbox 416 2504 470 2543; x_wconf 89' lang='lat' dir='ltr'><strong><em>om.</em></strong></span> <span class='ocrx_word' id='word_1_117' title='bbox 485 2487 519 2558; x_wconf 86' lang='lat' dir='ltr'><strong><em>V,</em></strong></span> <span class='ocrx_word' id='word_1_118' title='bbox 539 2483 561 2542; x_wconf 81' lang='grc' dir='ltr'><strong><em>ὦ</em></strong></span> <span class='ocrx_word' id='word_1_119' title='bbox 580 2486 714 2558; x_wconf 86' lang='grc' dir='ltr'><strong><em>δυνάστα,</em></strong></span> <span class='ocrx_word' id='word_1_120' title='bbox 733 2490 764 2543; x_wconf 83' lang='grc' dir='ltr'><strong><em>τί</em></strong></span> <span class='ocrx_word' id='word_1_121' title='bbox 778 2487 846 2544; x_wconf 88' lang='grc' dir='ltr'><strong><em>τάδε</em></strong></span> <span class='ocrx_word' id='word_1_122' title='bbox 865 2489 891 2543; x_wconf 90' lang='grc' dir='ltr'>Η</span> <span class='ocrx_word' id='word_1_123' title='bbox 911 2521 945 2531; x_wconf 92' lang='grc'>-</span> <span class='ocrx_word' id='word_1_124' title='bbox 963 2489 1033 2545; x_wconf 80' lang='grc' dir='ltr'><strong><em>τάδε</em></strong></span> <span class='ocrx_word' id='word_1_125' title='bbox 1052 2491 1159 2560; x_wconf 84' lang='grc' dir='ltr'><strong><em>δίδυμα</em></strong></span> 
     </span>
     <span class='ocr_line' id='line_1_16' title="bbox 138 2559 1159 2634; baseline 0 -18"><span class='ocrx_word' id='word_1_126' title='bbox 138 2562 225 2631; x_wconf 85' lang='lat' dir='ltr'>vulgo</span> <span class='ocrx_word' id='word_1_127' title='bbox 245 2592 278 2601; x_wconf 88' lang='lat'>-</span> <span class='ocrx_word' id='word_1_128' title='bbox 297 2567 313 2615; x_wconf 79' lang='lat'><strong>2</strong></span> <span class='ocrx_word' id='word_1_129' title='bbox 333 2559 368 2614; x_wconf 83' lang='grc' dir='ltr'><strong><em>τὰ</em></strong></span> <span class='ocrx_word' id='word_1_130' title='bbox 388 2561 474 2614; x_wconf 81' lang='grc' dir='ltr'><strong><em>διπλᾶ</em></strong></span> <span class='ocrx_word' id='word_1_131' title='bbox 488 2559 514 2612; x_wconf 90' lang='grc' dir='ltr'>Η</span> <span class='ocrx_word' id='word_1_132' title='bbox 534 2591 565 2599; x_wconf 99' lang='grc'>-</span> <span class='ocrx_word' id='word_1_133' title='bbox 586 2559 695 2631; x_wconf 87' lang='grc' dir='ltr'><strong><em>διάγοιε</em></strong></span> <span class='ocrx_word' id='word_1_134' title='bbox 710 2560 766 2614; x_wconf 87' lang='lat' dir='ltr'><strong><em>VH</em></strong></span> <span class='ocrx_word' id='word_1_135' title='bbox 785 2592 818 2600; x_wconf 99' lang='lat'><em>-</em></span> <span class='ocrx_word' id='word_1_136' title='bbox 837 2567 853 2614; x_wconf 84' lang='lat'><strong>3</strong></span> <span class='ocrx_word' id='word_1_137' title='bbox 874 2569 908 2631; x_wconf 76' lang='grc' dir='ltr'><strong><em>σῇ</em></strong></span> <span class='ocrx_word' id='word_1_138' title='bbox 927 2578 981 2616; x_wconf 90' lang='lat' dir='ltr'><strong><em>om.</em></strong></span> <span class='ocrx_word' id='word_1_139' title='bbox 996 2562 1022 2616; x_wconf 91' lang='lat' dir='ltr'>V</span> <span class='ocrx_word' id='word_1_140' title='bbox 1042 2593 1073 2602; x_wconf 90' lang='lat'><em>—</em></span> <span class='ocrx_word' id='word_1_141' title='bbox 1093 2568 1159 2634; x_wconf 81' lang='lat' dir='ltr'><strong>post</strong></span> 
     </span>
     <span class='ocr_line' id='line_1_17' title="bbox 138 2629 1159 2704; baseline 0.001 -17"><span class='ocrx_word' id='word_1_142' title='bbox 138 2635 217 2704; x_wconf 73' lang='grc' dir='ltr'><strong><em>τῇδεε</em></strong></span> <span class='ocrx_word' id='word_1_143' title='bbox 238 2630 422 2687; x_wconf 88' lang='grc' dir='ltr'><strong><em>συντάσσεται</em></strong></span> <span class='ocrx_word' id='word_1_144' title='bbox 440 2629 472 2686; x_wconf 74' lang='grc' dir='ltr'><strong><em>δὲ</em></strong></span> <span class='ocrx_word' id='word_1_145' title='bbox 491 2631 540 2685; x_wconf 84' lang='grc' dir='ltr'><strong><em>καλ</em></strong></span> <span class='ocrx_word' id='word_1_146' title='bbox 558 2633 635 2701; x_wconf 75' lang='grc' dir='ltr'><strong><em>τῇδε,</em></strong></span> <span class='ocrx_word' id='word_1_147' title='bbox 653 2633 684 2687; x_wconf 86' lang='grc' dir='ltr'><strong><em>τδ</em></strong></span> <span class='ocrx_word' id='word_1_148' title='bbox 703 2631 772 2686; x_wconf 86' lang='grc' dir='ltr'><strong><em>τάδε</em></strong></span> <span class='ocrx_word' id='word_1_149' title='bbox 790 2632 861 2702; x_wconf 88' lang='grc' dir='ltr'><strong><em>πρὸς</em></strong></span> <span class='ocrx_word' id='word_1_150' title='bbox 878 2634 910 2687; x_wconf 88' lang='grc' dir='ltr'><strong><em>τὸ</em></strong></span> <span class='ocrx_word' id='word_1_151' title='bbox 924 2638 957 2704; x_wconf 76' lang='grc' dir='ltr'><strong><em>τῇ</em></strong></span> <span class='ocrx_word' id='word_1_152' title='bbox 971 2641 1006 2704; x_wconf 79' lang='grc' dir='ltr'><strong><em>γῇ</em></strong></span> <span class='ocrx_word' id='word_1_153' title='bbox 1021 2630 1159 2688; x_wconf 82' lang='grc' dir='ltr'><strong><em>ἀποδιδό-</em></strong></span> 
     </span>
     <span class='ocr_line' id='line_1_18' title="bbox 139 2700 1157 2775; baseline 0.001 -16"><span class='ocrx_word' id='word_1_154' title='bbox 139 2704 287 2775; x_wconf 74' lang='grc' dir='ltr'><strong><em>μενονΙλδ.</em></strong></span> <span class='ocrx_word' id='word_1_155' title='bbox 299 2733 332 2744; x_wconf 91' lang='lat'><strong><em>-—</em></strong></span> <span class='ocrx_word' id='word_1_156' title='bbox 344 2702 393 2757; x_wconf 89' lang='grc' dir='ltr'><strong><em>διδι</em></strong></span> <span class='ocrx_word' id='word_1_157' title='bbox 411 2701 442 2757; x_wconf 83' lang='grc' dir='ltr'><strong><em>τὸ</em></strong></span> <span class='ocrx_word' id='word_1_158' title='bbox 457 2718 511 2756; x_wconf 90' lang='lat' dir='ltr'><strong><em>om.</em></strong></span> <span class='ocrx_word' id='word_1_159' title='bbox 526 2703 560 2769; x_wconf 86' lang='lat' dir='ltr'><strong><em>V,</em></strong></span> <span class='ocrx_word' id='word_1_160' title='bbox 579 2703 628 2757; x_wconf 90' lang='grc' dir='ltr'><strong><em>διδι</em></strong></span> <span class='ocrx_word' id='word_1_161' title='bbox 650 2704 681 2758; x_wconf 84' lang='grc' dir='ltr'><strong><em>τὸ</em></strong></span> <span class='ocrx_word' id='word_1_162' title='bbox 701 2706 864 2774; x_wconf 80' lang='grc' dir='ltr'><strong><em>τριακοσίας</em></strong></span> <span class='ocrx_word' id='word_1_163' title='bbox 881 2705 1011 2774; x_wconf 84' lang='grc' dir='ltr'><strong><em>χιλιάδας</em></strong></span> <span class='ocrx_word' id='word_1_164' title='bbox 1030 2700 1078 2760; x_wconf 73' lang='grc' dir='ltr'><strong><em>ἐπὶ</em></strong></span> <span class='ocrx_word' id='word_1_165' title='bbox 1097 2710 1157 2760; x_wconf 87' lang='grc' dir='ltr'><strong><em>Δα-</em></strong></span> 
     </span>
     <span class='ocr_line' id='line_1_19' title="bbox 139 2771 1158 2847; baseline 0.003 -18"><span class='ocrx_word' id='word_1_166' title='bbox 139 2777 217 2845; x_wconf 86' lang='grc' dir='ltr'><strong><em>ρείου</em></strong></span> <span class='ocrx_word' id='word_1_167' title='bbox 236 2778 434 2844; x_wconf 79' lang='grc' dir='ltr'><strong><em>φονευθῆναι,</em></strong></span> <span class='ocrx_word' id='word_1_168' title='bbox 454 2773 520 2829; x_wconf 78' lang='grc' dir='ltr'><strong><em>νυνὶ</em></strong></span> <span class='ocrx_word' id='word_1_169' title='bbox 539 2771 570 2829; x_wconf 72' lang='grc' dir='ltr'><strong><em>δὲ</em></strong></span> <span class='ocrx_word' id='word_1_170' title='bbox 590 2775 616 2828; x_wconf 93' lang='grc' dir='ltr'>Η</span> <span class='ocrx_word' id='word_1_171' title='bbox 635 2776 711 2844; x_wconf 85' lang='grc' dir='ltr'><strong><em>(νυνὶ</em></strong></span> <span class='ocrx_word' id='word_1_172' title='bbox 730 2773 762 2829; x_wconf 75' lang='grc' dir='ltr'><strong><em>δὲ</em></strong></span> <span class='ocrx_word' id='word_1_173' title='bbox 786 2776 873 2830; x_wconf 75' lang='lat' dir='ltr'>etiam</span> <span class='ocrx_word' id='word_1_174' title='bbox 890 2777 923 2845; x_wconf 93' lang='lat' dir='ltr'><strong><em>V)</em></strong></span> <span class='ocrx_word' id='word_1_175' title='bbox 942 2807 976 2816; x_wconf 93' lang='lat'>—</span> <span class='ocrx_word' id='word_1_176' title='bbox 996 2781 1014 2829; x_wconf 78' lang='lat'>4</span> <span class='ocrx_word' id='word_1_177' title='bbox 1032 2774 1084 2847; x_wconf 69' lang='grc' dir='ltr'><strong><em>μὲν</em></strong></span> <span class='ocrx_word' id='word_1_178' title='bbox 1103 2793 1158 2832; x_wconf 88' lang='lat' dir='ltr'><strong><em>om.</em></strong></span> 
     </span>
     <span class='ocr_line' id='line_1_20' title="bbox 139 2844 1158 2916; baseline 0.005 -18"><span class='ocrx_word' id='word_1_179' title='bbox 139 2849 164 2898; x_wconf 95' lang='lat' dir='ltr'>V</span> <span class='ocrx_word' id='word_1_180' title='bbox 180 2863 279 2916; x_wconf 88' lang='lat' dir='ltr'>-pro</span> <span class='ocrx_word' id='word_1_181' title='bbox 298 2845 326 2899; x_wconf 89' lang='grc' dir='ltr'><strong><em>λ’</em></strong></span> <span class='ocrx_word' id='word_1_182' title='bbox 342 2845 395 2914; x_wconf 82' lang='lat' dir='ltr'>(sio</span> <span class='ocrx_word' id='word_1_183' title='bbox 409 2846 459 2913; x_wconf 78' lang='lat' dir='ltr'><strong><em>V)=</em></strong></span> <span class='ocrx_word' id='word_1_184' title='bbox 478 2851 495 2898; x_wconf 73' lang='grc' dir='ltr'><strong>ἱ</strong></span> <span class='ocrx_word' id='word_1_185' title='bbox 509 2845 540 2912; x_wconf 90' lang='grc' dir='ltr'><strong><em>Ρ,</em></strong></span> <span class='ocrx_word' id='word_1_186' title='bbox 559 2844 712 2914; x_wconf 84' lang='grc' dir='ltr'><strong><em>τριάκοντα</em></strong></span> <span class='ocrx_word' id='word_1_187' title='bbox 731 2846 875 2916; x_wconf 80' lang='lat' dir='ltr'><strong>vulgoDd.</strong></span> <span class='ocrx_word' id='word_1_188' title='bbox 889 2879 924 2889; x_wconf 96' lang='lat'>-</span> <span class='ocrx_word' id='word_1_189' title='bbox 943 2853 959 2902; x_wconf 76' lang='grc' dir='ltr'><strong>ὅ</strong></span> <span class='ocrx_word' id='word_1_190' title='bbox 979 2846 1036 2902; x_wconf 82' lang='grc' dir='ltr'><strong><em>ἀπὸ</em></strong></span> <span class='ocrx_word' id='word_1_191' title='bbox 1055 2856 1105 2904; x_wconf 82' lang='grc' dir='ltr'><strong><em>τοῦ</em></strong></span> <span class='ocrx_word' id='word_1_192' title='bbox 1125 2849 1158 2907; x_wconf 73' lang='grc' dir='ltr'><strong><em>Ξ.</em></strong></span> 
     </span>
     <span class='ocr_line' id='line_1_21' title="bbox 139 2915 1158 2988; baseline 0.003 -16"><span class='ocrx_word' id='word_1_193' title='bbox 139 2918 165 2972; x_wconf 92' lang='grc' dir='ltr'>Η</span> <span class='ocrx_word' id='word_1_194' title='bbox 184 2949 218 2958; x_wconf 93' lang='grc'>-</span> <span class='ocrx_word' id='word_1_195' title='bbox 236 2917 389 2986; x_wconf 78' lang='grc' dir='ltr'><strong><em>τριάκοντα</em></strong></span> <span class='ocrx_word' id='word_1_196' title='bbox 412 2915 552 2987; x_wconf 83' lang='grc' dir='ltr'><strong><em>μυριάδας</em></strong></span> <span class='ocrx_word' id='word_1_197' title='bbox 570 2917 623 2972; x_wconf 83' lang='grc' dir='ltr'><strong><em>Βδ.</em></strong></span> <span class='ocrx_word' id='word_1_198' title='bbox 648 2934 681 2972; x_wconf 82' lang='lat' dir='ltr'><strong><em>ex</em></strong></span> <span class='ocrx_word' id='word_1_199' title='bbox 699 2917 730 2983; x_wconf 90' lang='lat' dir='ltr'><strong><em>P,</em></strong></span> <span class='ocrx_word' id='word_1_200' title='bbox 753 2916 803 2986; x_wconf 88' lang='lat' dir='ltr'><strong><em>qui</em></strong></span> <span class='ocrx_word' id='word_1_201' title='bbox 825 2917 872 2972; x_wconf 84' lang='lat' dir='ltr'><strong><em>hic</em></strong></span> <span class='ocrx_word' id='word_1_202' title='bbox 895 2935 1007 2988; x_wconf 79' lang='lat' dir='ltr'><strong>quoque</strong></span> <span class='ocrx_word' id='word_1_203' title='bbox 1024 2924 1042 2973; x_wconf 83' lang='grc' dir='ltr'><strong><em>’τ’</em></strong></span> <span class='ocrx_word' id='word_1_204' title='bbox 1061 2919 1158 2976; x_wconf 76' lang='lat' dir='ltr'>habet.</span> 
     </span>
     <span class='ocr_line' id='line_1_22' title="bbox 138 2987 1159 3060; baseline 0.004 -18"><span class='ocrx_word' id='word_1_205' title='bbox 138 2988 278 3042; x_wconf 81' lang='lat' dir='ltr'>Numerus</span> <span class='ocrx_word' id='word_1_206' title='bbox 298 2989 379 3042; x_wconf 75' lang='lat' dir='ltr'>deest</span> <span class='ocrx_word' id='word_1_207' title='bbox 395 2987 492 3059; x_wconf 81' lang='lat' dir='ltr'>vulgo,</span> <span class='ocrx_word' id='word_1_208' title='bbox 510 2988 542 3042; x_wconf 89' lang='lat' dir='ltr'><strong><em>in</em></strong></span> <span class='ocrx_word' id='word_1_209' title='bbox 552 2989 608 3043; x_wconf 88' lang='lat' dir='ltr'><strong><em>VH</em></strong></span> <span class='ocrx_word' id='word_1_210' title='bbox 627 3021 660 3030; x_wconf 95' lang='lat'><em>-</em></span> <span class='ocrx_word' id='word_1_211' title='bbox 680 2988 805 3057; x_wconf 86' lang='grc' dir='ltr'><strong><em>μυριάδα</em></strong></span> <span class='ocrx_word' id='word_1_212' title='bbox 823 2990 918 3045; x_wconf 79' lang='lat' dir='ltr'><strong>Pauw.</strong></span> <span class='ocrx_word' id='word_1_213' title='bbox 930 3023 965 3032; x_wconf 92' lang='lat'><em>-</em></span> <span class='ocrx_word' id='word_1_214' title='bbox 980 2989 1090 3060; x_wconf 73' lang='grc' dir='ltr'><strong><em>Ξέρξου</em></strong></span> <span class='ocrx_word' id='word_1_215' title='bbox 1110 2991 1159 3047; x_wconf 80' lang='grc' dir='ltr'><strong><em>καὶ</em></strong></span> 
     </span>
     <span class='ocr_line' id='line_1_23' title="bbox 138 3057 1158 3134; baseline 0.003 -19"><span class='ocrx_word' id='word_1_216' title='bbox 138 3059 251 3132; x_wconf 89' lang='grc' dir='ltr'><strong><em>Πέρσου</em></strong></span> <span class='ocrx_word' id='word_1_217' title='bbox 269 3059 446 3130; x_wconf 79' lang='lat' dir='ltr'>vulgoDdH</span> <span class='ocrx_word' id='word_1_218' title='bbox 460 3092 493 3100; x_wconf 99' lang='lat'><em>-</em></span> <span class='ocrx_word' id='word_1_219' title='bbox 509 3068 524 3115; x_wconf 89' lang='grc'><strong>6</strong></span> <span class='ocrx_word' id='word_1_220' title='bbox 542 3057 617 3123; x_wconf 81' lang='grc' dir='ltr'><strong><em>τινές</em></strong></span> <span class='ocrx_word' id='word_1_221' title='bbox 635 3060 737 3129; x_wconf 77' lang='lat' dir='ltr'>scripsi</span> <span class='ocrx_word' id='word_1_222' title='bbox 750 3077 801 3130; x_wconf 86' lang='lat' dir='ltr'><strong><em>pro</em></strong></span> <span class='ocrx_word' id='word_1_223' title='bbox 820 3059 897 3126; x_wconf 87' lang='grc' dir='ltr'><strong><em>τινάς</em></strong></span> <span class='ocrx_word' id='word_1_224' title='bbox 911 3093 946 3104; x_wconf 91' lang='grc'>-</span> <span class='ocrx_word' id='word_1_225' title='bbox 960 3059 994 3116; x_wconf 68' lang='grc' dir='ltr'><strong><em>αι’</em></strong></span> <span class='ocrx_word' id='word_1_226' title='bbox 1010 3060 1158 3134; x_wconf 77' lang='grc' dir='ltr'><strong><em>αῐμαρτίαι</em></strong></span> 
     </span>
     <span class='ocr_line' id='line_1_24' title="bbox 139 3131 1159 3205; baseline 0.002 -18"><span class='ocrx_word' id='word_1_227' title='bbox 139 3133 192 3189; x_wconf 90' lang='lat' dir='ltr'><strong><em>Dd.</em></strong></span> <span class='ocrx_word' id='word_1_228' title='bbox 213 3165 246 3174; x_wconf 88' lang='lat'>—</span> <span class='ocrx_word' id='word_1_229' title='bbox 274 3133 321 3187; x_wconf 84' lang='grc' dir='ltr'><strong><em>ιιαλ</em></strong></span> <span class='ocrx_word' id='word_1_230' title='bbox 342 3132 456 3202; x_wconf 87' lang='grc' dir='ltr'><strong><em>άτυχίαι</em></strong></span> <span class='ocrx_word' id='word_1_231' title='bbox 474 3148 527 3186; x_wconf 89' lang='lat' dir='ltr'><strong><em>om.</em></strong></span> <span class='ocrx_word' id='word_1_232' title='bbox 542 3131 594 3184; x_wconf 90' lang='lat' dir='ltr'><strong><em>PV</em></strong></span> <span class='ocrx_word' id='word_1_233' title='bbox 617 3163 651 3172; x_wconf 96' lang='lat'>-</span> <span class='ocrx_word' id='word_1_234' title='bbox 680 3132 725 3186; x_wconf 79' lang='grc' dir='ltr'><strong><em>άελ</em></strong></span> <span class='ocrx_word' id='word_1_235' title='bbox 744 3149 808 3187; x_wconf 84' lang='lat' dir='ltr'><strong><em>cum</em></strong></span> <span class='ocrx_word' id='word_1_236' title='bbox 826 3153 868 3204; x_wconf 89' lang='grc' dir='ltr'><strong><em>γρ.</em></strong></span> <span class='ocrx_word' id='word_1_237' title='bbox 888 3133 959 3205; x_wconf 81' lang='grc' dir='ltr'><strong><em>δμοῦ</em></strong></span> <span class='ocrx_word' id='word_1_238' title='bbox 977 3134 1055 3187; x_wconf 89' lang='grc' dir='ltr'><strong><em>Ρ-</em></strong></span> <span class='ocrx_word' id='word_1_239' title='bbox 1072 3137 1159 3190; x_wconf 71' lang='lat' dir='ltr'>verba</span> 
     </span>
     <span class='ocr_line' id='line_1_25' title="bbox 138 3201 1157 3274; baseline 0.003 -16"><span class='ocrx_word' id='word_1_240' title='bbox 138 3202 156 3272; x_wconf 79' lang='grc' dir='ltr'>ἢ</span> <span class='ocrx_word' id='word_1_241' title='bbox 178 3237 210 3244; x_wconf 97' lang='grc'>-</span> <span class='ocrx_word' id='word_1_242' title='bbox 230 3203 357 3260; x_wconf 86' lang='grc' dir='ltr'><strong><em>δυνάστα</em></strong></span> <span class='ocrx_word' id='word_1_243' title='bbox 376 3221 429 3258; x_wconf 91' lang='lat' dir='ltr'><strong><em>om.</em></strong></span> <span class='ocrx_word' id='word_1_244' title='bbox 444 3202 501 3257; x_wconf 89' lang='lat' dir='ltr'><strong><em>VH</em></strong></span> <span class='ocrx_word' id='word_1_245' title='bbox 522 3234 553 3243; x_wconf 89' lang='lat'>-</span> <span class='ocrx_word' id='word_1_246' title='bbox 575 3210 589 3257; x_wconf 78' lang='grc'><strong>7</strong></span> <span class='ocrx_word' id='word_1_247' title='bbox 609 3202 783 3274; x_wconf 80' lang='grc' dir='ltr'><strong><em>γεγενημένα</em></strong></span> <span class='ocrx_word' id='word_1_248' title='bbox 806 3204 882 3259; x_wconf 72' lang='lat' dir='ltr'><strong><em>nau&amp;</em></strong></span> <span class='ocrx_word' id='word_1_249' title='bbox 900 3205 950 3260; x_wconf 82' lang='grc' dir='ltr'><strong><em>ααλ</em></strong></span> <span class='ocrx_word' id='word_1_250' title='bbox 967 3203 1003 3260; x_wconf 82' lang='grc' dir='ltr'><strong><em>τὰ</em></strong></span> <span class='ocrx_word' id='word_1_251' title='bbox 1023 3201 1055 3262; x_wconf 76' lang='grc' dir='ltr'><strong><em>ἐν</em></strong></span> <span class='ocrx_word' id='word_1_252' title='bbox 1073 3209 1108 3263; x_wconf 91' lang='grc' dir='ltr'><strong><em>Σ.</em></strong></span> <span class='ocrx_word' id='word_1_253' title='bbox 1127 3207 1157 3262; x_wconf 85' lang='grc' dir='ltr'><strong><em>τὸ</em></strong></span> 
     </span>
     <span class='ocr_line' id='line_1_26' title="bbox 139 3271 805 3346; baseline -0.002 -16"><span class='ocrx_word' id='word_1_254' title='bbox 139 3273 171 3331; x_wconf 73' lang='grc' dir='ltr'><strong><em>δέ</em></strong></span> <span class='ocrx_word' id='word_1_255' title='bbox 190 3278 275 3346; x_wconf 79' lang='lat' dir='ltr'>vulgo</span> <span class='ocrx_word' id='word_1_256' title='bbox 295 3307 328 3316; x_wconf 98' lang='lat'>—</span> <span class='ocrx_word' id='word_1_257' title='bbox 347 3281 365 3331; x_wconf 83' lang='grc'>8</span> <span class='ocrx_word' id='word_1_258' title='bbox 383 3274 414 3330; x_wconf 86' lang='grc' dir='ltr'><strong><em>τὸ</em></strong></span> <span class='ocrx_word' id='word_1_259' title='bbox 434 3271 465 3330; x_wconf 68' lang='grc' dir='ltr'><strong><em>δὲ</em></strong></span> <span class='ocrx_word' id='word_1_260' title='bbox 486 3305 520 3315; x_wconf 90' lang='grc'>-</span> <span class='ocrx_word' id='word_1_261' title='bbox 539 3273 665 3330; x_wconf 88' lang='grc' dir='ltr'><strong><em>δυνάστα</em></strong></span> <span class='ocrx_word' id='word_1_262' title='bbox 684 3292 738 3330; x_wconf 88' lang='lat' dir='ltr'><strong><em>om.</em></strong></span> <span class='ocrx_word' id='word_1_263' title='bbox 755 3275 805 3332; x_wconf 92' lang='grc' dir='ltr'><strong><em>ΟΡ</em></strong></span> 
     </span>
    </p>
   </div>
   <div class='ocr_carea' id='block_1_6' title="bbox 198 3433 1158 3620">
    <p class='ocr_par' dir='ltr' id='par_1_7' title="bbox 198 3433 1158 3620">
     <span class='ocr_line' id='line_1_27' title="bbox 207 3433 1158 3524; baseline 0 -18"><span class='ocrx_word' id='word_1_264' title='bbox 207 3440 272 3507; x_wconf 82' lang='lat'><strong><em>683</em></strong></span> <span class='ocrx_word' id='word_1_265' title='bbox 282 3461 352 3524; x_wconf 80' lang='lat' dir='ltr'><strong>sqq.</strong></span> <span class='ocrx_word' id='word_1_266' title='bbox 389 3433 415 3504; x_wconf 82' lang='grc' dir='ltr'><strong>ὦ</strong></span> <span class='ocrx_word' id='word_1_267' title='bbox 437 3439 536 3504; x_wconf 85' lang='grc' dir='ltr'><strong><em>πιστά</em></strong></span> <span class='ocrx_word' id='word_1_268' title='bbox 554 3450 693 3505; x_wconf 71' lang='grc' dir='ltr'><strong><em>πιστῶνε</em></strong></span> <span class='ocrx_word' id='word_1_269' title='bbox 716 3441 753 3506; x_wconf 88' lang='grc' dir='ltr'><strong><em>τὸ</em></strong></span> <span class='ocrx_word' id='word_1_270' title='bbox 772 3448 832 3506; x_wconf 87' lang='grc' dir='ltr'><strong><em>τοῦ</em></strong></span> <span class='ocrx_word' id='word_1_271' title='bbox 848 3442 998 3523; x_wconf 82' lang='grc' dir='ltr'><strong><em>Δαρείου</em></strong></span> <span class='ocrx_word' id='word_1_272' title='bbox 1016 3443 1158 3509; x_wconf 72' lang='grc' dir='ltr'><strong><em>εἴδωλον</em></strong></span> 
     </span>
     <span class='ocr_line' id='line_1_28' title="bbox 198 3562 461 3620; baseline 0.015 -4"><span class='ocrx_word' id='word_1_273' title='bbox 198 3568 215 3616; x_wconf 92' lang='grc'><strong><em>1</em></strong></span> <span class='ocrx_word' id='word_1_274' title='bbox 235 3569 289 3618; x_wconf 73' lang='grc' dir='ltr'><strong><em>τοῦ</em></strong></span> <span class='ocrx_word' id='word_1_275' title='bbox 307 3578 362 3620; x_wconf 88' lang='lat' dir='ltr'><strong><em>om.</em></strong></span> <span class='ocrx_word' id='word_1_276' title='bbox 379 3562 409 3619; x_wconf 92' lang='lat' dir='ltr'>H</span> <span class='ocrx_word' id='word_1_277' title='bbox 426 3596 461 3607; x_wconf 93' lang='lat'>-</span> 
     </span>
    </p>
   </div>
   <div class='ocr_carea' id='block_1_7' title="bbox 0 0 1225 3856">
    <p class='ocr_par' dir='ltr' id='par_1_8' title="bbox 0 0 1225 3856">
     <span class='ocr_line' id='line_1_29' title="bbox 0 0 1225 3856; baseline 0 0"><span class='ocrx_word' id='word_1_278' title='bbox 0 0 1225 3856; x_wconf 95' lang='lat' dir='ltr'><strong><em> </em></strong></span> 
     </span>
    </p>
   </div>
  </div>
 </body>
</html>
