2430 3856
146 176 210 243 156
577 181 733 234 SCHOLIA

212 342 276 408 491
313 342 499 409 κάντεῦθεν
517 342 615 427 ἡμᾶς;
635 342 698 408 ἀπὸ
718 339 755 408 δὲ
773 352 831 428 τῆς
849 351 909 428 γῆς
927 355 997 410 τῶν
1021 344 1162 411 Φωκέων

145 560 318 621 Θετταλῶν
341 555 466 634 ἐνδεεῖς
489 557 589 634 ὄντας
611 554 668 622 καὶ
693 553 874 642 χρῄζοντας
896 566 1036 643 τροφῆς.
1083 558 1163 624 ὅταν

144 663 266 748 <λίαν>
298 660 418 728 πολλοὶ
450 662 622 729 ἀπέθανον
656 662 721 728 ἀτιό
754 686 789 729 τε
821 665 922 748 δίψης
953 661 1011 730 καὶ
1041 668 1163 749 πείνης.

117 779 248 834 εταῦτα
270 770 334 854 γὰρ
358 765 401 853 ἦν
424 773 507 836 τότε.

218 931 232 978 1
248 925 349 982 δὲοω.
365 927 438 982 V-
458 929 592 997 φωκίδων
607 927 676 981 V—
696 935 712 983 3
734 922 843 984 ἕνδεεῖν
858 928 883 983 V
898 959 931 968 -
951 934 969 982 4
988 929 1048 985 ἀπὸ
1067 931 1163 1003 πείνης

145 997 194 1051 καὶ
213 998 300 1067 δίψης
314 997 340 1050 V

212 1837 277 1902 497
325 1839 457 1920 Βόλβης
479 1831 519 1901 δ’
540 1835 649 1902 ἕλειον
673 1837 813 1903 δόνακας
842 1839 955 1920 Βόλβη
985 1839 1095 1924 ὄνομα
1118 1841 1162 1904 λί-

147 1967 230 2027 μνης
254 1947 418 2029 Θρᾳκικῆς
441 1944 512 2027 ἥτις
534 1943 667 2027 ὑλώδης
689 1941 745 2009 καλ
768 1944 978 2028 τελματώδης
1002 1939 1089 2012 οὖσα
1110 1942 1162 2011 καλ

146 2049 317 2134 κάθυγρος
341 2049 485 2127 δόνακας
506 2052 653 2128 πολλοὺς
676 2050 895 2116 ἀναδίδωσιν.

218 2212 233 2258 2
254 2199 359 2274 ἑλώδης
375 2207 462 2274 vulgo
478 2238 510 2246 -
529 2207 711 2277 πελματώδης
726 2209 751 2261 V
767 2239 798 2248 —
818 2213 835 2261 3
854 2209 1011 2263 ἀναδίδωσι
1024 2209 1119 2279 vulgo.
1129 2239 1160 2250 -

146 2276 188 2330 Ex
206 2275 228 2330 P
247 2276 310 2333 add.
324 2276 391 2334 Dd.:
410 2275 473 2344 ἤτοι
492 2277 615 2350 βαίταμα
633 2278 683 2334 καὶ
700 2277 819 2349 ταλαινηα
838 2278 908 2335 ἀλλὰ
927 2278 962 2349 δὴ
982 2279 1032 2335 καλ
1046 2281 1163 2355 βολβοὺς

146 2346 209 2414 ἤτοι
227 2346 308 2405 ὕδνα.
330 2380 361 2389 -
381 2346 444 2416 ἤτοι
458 2390 465 2404 .
481 2392 487 2404 .
501 2348 620 2421 πίτυρα
639 2351 725 2406 etiam
744 2350 775 2405 in
795 2352 827 2406 Ο.

213 3330 280 3396 500
290 3351 358 3415 sqq.
395 3328 502 3412 ἁγνοῦ
520 3332 729 3415 Στρυμόνοςι
752 3329 859 3414 ἁγνοῦ
878 3332 934 3396 διὰ
952 3331 989 3396 τὸ
1008 3331 1161 3417 καθαρὸν

217 3485 332 3542 Initium
351 3485 391 3542 sic
409 3485 515 3556 legitur
533 3502 577 3557 ap.
591 3485 658 3544 Dd.:
678 3486 782 3558 ἁγνούς
801 3505 872 3557 φατι
890 3488 954 3550 τοὺς
968 3490 1112 3560 ποταμοὺς
1126 3488 1162 3551 ὡς

137 3557 225 3621 ὄντας
242 3566 292 3630 της
309 3556 464 3616 αδανιίταν
483 3557 596 3633 φύσεως
615 3560 737 3632 μίμημα.
763 3557 840 3630 λὲηει
857 3559 890 3613 δε
907 3558 958 3612 καὶ
973 3559 1023 3612 τδν
1036 3558 1164 3628 πααλντα
