2430 3856
130 187 198 252 200
564 187 722 242 SOHOLIA

104 351 326 438 ιὸΔαρεϊος·
351 348 423 416 ἀλλ’
446 347 516 416 ἐπεὶ
534 352 635 435 φοβῇ,
659 351 761 414 ἔασον
779 357 887 414 τοῦτο.
924 341 995 413 εἶτα
1018 346 1156 432 στρέφει

130 461 191 525 τὸν
219 460 322 543 λόγον
349 458 433 544 πρὸς
460 457 522 541 τὴν
536 455 703 522 ’Ἄτοσσαν
733 457 793 520 καί
817 471 938 539 φησιν·
971 449 1155 538 ὧεύχενές

130 564 233 649 χάναι
265 561 409 648 ξύννομε
436 559 491 627 καὶ
520 562 756 648 ξυμμερίστρια
782 571 850 626 τῶν
877 560 967 646 ἐμῶν
995 559 1153 647 λέκτρων,

130 669 328 757 παυσαμένη
362 671 469 735 τῶνδε
497 679 565 735 τῶν
594 671 735 754 θρήνων
763 670 913 753 φανεράν
935 690 968 734 τι
990 691 1049 753 μοι
1071 666 1153 752 εἰπέ,

132 779 189 844 ἵνα
212 779 311 863 μάθω
336 776 354 842 ὃ
377 775 527 862 πάσχετε.

131 924 147 972 5
177 912 240 972 ἐπεὶ
271 913 360 988 φόβος
393 913 448 985 ἔνι,
482 913 566 971 ἔασον
599 923 682 972 τοῦτο
709 916 735 970 V
763 946 797 957 —
830 911 891 970 εἶτα
919 915 1073 984 στερεώσας
1102 915 1152 970 τὸν

130 985 215 1059 λάχον
237 988 309 1058 πρὸς
330 988 383 1057 τὴν
396 983 431 1042 Ἄ.
452 1004 540 1058 φησιν
559 985 584 1040 V
604 1018 638 1051 e
658 994 673 1042 7
692 986 778 1056 χάναι
801 1002 856 1042 om.
870 985 897 1040 V
915 1018 948 1027 —
973 985 1078 1058 ξάνομε
1096 985 1151 1041 VH

129 1090 163 1100 -
186 1065 202 1114 8
222 1066 353 1129 φανερῶς
372 1059 396 1112 V
416 1090 451 1100 -
469 1065 485 1114 9
504 1060 536 1114 τί
550 1058 671 1129 πάσχετε
689 1058 743 1113 Dd.

199 1241 263 1308 708
305 1239 515 1327 ἀνθρώπειαι
548 1239 566 1306 ὁ
598 1243 742 1323 Δαρεῖος
773 1239 1081 1326 παραμυθούμενος
1111 1245 1151 1323 τῇ

130 1346 238 1412 αὑτοῦ
274 1349 414 1430 γυναικί
448 1362 553 1430 φησιν
590 1345 641 1411 ὅτι
673 1344 868 1431 ἀνθρώπεια
898 1343 986 1430 <άν>
1019 1349 1150 1432 πήματα

127 1454 223 1538 τύχοι
245 1434 301 1519 καὶ
325 1452 463 1519 ἐπέλθοι
487 1452 645 1529 πολλάκις
668 1438 798 1530 ἐντοῖς
820 1455 968 1539 βροτοῖς·
990 1451 1012 1538 ἢ
1032 1453 1149 1530 οὕτως

129 1558 325 1646 ἀνθρώπεια
358 1556 395 1626 ὄλ
424 1556 480 1626 καὶ
510 1559 711 1645 ἀνθρώπινα
740 1556 797 1625 καὶ
825 1559 866 1625 οὐ
893 1560 992 1625 καινὰ
1016 1558 1058 1626 άν
1080 1571 1151 1638 τοῖς

100 1669 264 1753 σβροτοῑς
295 1667 390 1752 τύχοι
417 1664 473 1731 καὶ
502 1665 638 1732 ἐπέλθοι
672 1664 708 1731 ἐν
736 1667 861 1750 πήματι
887 1663 943 1731 καλ
970 1665 1007 1732 ἐν
1032 1667 1147 1753 βλάβη.

129 1773 175 1851 ὡς
197 1776 260 1860 γὰρ
285 1774 462 1858 ἄνθρωποι
484 1774 650 1859 πάσχουσι
673 1769 728 1838 καὶ
751 1773 791 1837 τά
810 1771 921 1838 αὐτῶν
938 1774 1085 1858 πήματα,
1109 1773 1151 1840 οὐ

128 1880 207 1945 θεῖά
229 1902 315 1964 τινα,
340 1876 412 1946 ἀλλ’
440 1879 639 1966 ἀνθρώπινα
662 1877 845 1963 κέκληνται.

201 2019 405 2090 θάνθράπιια
431 2019 517 2088 vulgo
545 2037 599 2077 om.
626 2051 660 2061 —
686 2027 702 2075 3
725 2019 775 2074 καλ
803 2015 921 2074 ἐπέλθοι
946 2021 1013 2090 post
1040 2021 1151 2093 βροτοῖς

128 2088 228 2145 οοΙΙοο.
242 2090 269 2143 Η
288 2122 321 2131 -
342 2087 389 2144 ολα
406 2089 541 2154 πολλάκις
558 2091 646 2160 vulgo
661 2122 695 2132 —
714 2088 731 2159 ἢ
751 2088 839 2154 οὕτως
853 2133 878 2149 ..
893 2089 943 2146 καλ
961 2087 1080 2147 ἐπέλθοι
1094 2108 1149 2146 om.

131 2160 207 2216 θ-
226 2168 243 2215 4
262 2161 430 2231 ἀνθρώπεια
449 2159 481 2217 δὲ
500 2160 551 2216 καλ
568 2160 667 2216 addidi
685 2177 720 2217 ex
737 2161 764 2216 H
784 2191 816 2203 -
840 2179 892 2230 pro
911 2159 961 2218 ἂνι
984 2162 1049 2218 τινὰ
1072 2159 1148 2219 ἐνΗ

127 2263 162 2274 -
190 2232 363 2287 6αὑτῶνἾ
387 2263 421 2272 -
449 2233 501 2287 οὐκ
524 2231 661 2288 ἀθάνατά
683 2253 748 2288 τινα
770 2229 916 2304 (ἀθάνατα
934 2232 966 2287 in
983 2240 1049 2304 ras.)
1068 2235 1095 2290 V
1113 2265 1146 2276 ·-

128 2300 314 2373 Ἰκέκτηνται
332 2304 359 2358 Η

196 2485 260 2551 709
292 2484 399 2551 πολλὰ
420 2480 483 2571 μὲν
505 2485 570 2570 χάρ
592 2486 676 2550 κακά
699 2484 736 2552 ἐκ
758 2493 816 2570 τῆς
832 2485 1016 2570 θαλάσσης,
1038 2486 1146 2551 πολλὰ

129 2586 166 2656 δέ
181 2590 217 2657 ἐκ
230 2600 288 2676 τῆς
305 2600 366 2676 γῆς
384 2601 454 2668 τοϊς
472 2590 666 2677 ἀνθρώποις
684 2589 890 2677 ἐπέρχονται,
913 2591 988 2677 ἣνὸ
1007 2591 1146 2676 μάσσων

126 2695 182 2763 καὶ
202 2697 220 2763 ὁ
239 2701 359 2783 μείζων
372 2700 485 2782 βίοτος
503 2696 627 2784 ἐκταθῇ
645 2701 770 2786 πρόσω,
788 2700 896 2783 ἤγουν
915 2698 952 2765 έν
970 2706 1016 2788 τῷ
1030 2707 1147 2787 μακρῷ

126 2812 188 2870 τοῦ
210 2806 287 2888 βίον
311 2806 431 2892 χρόνῳ.
470 2805 568 2891 vulgo
580 2805 686 2872 Dd.V.

201 2968 214 3016 1
244 2959 319 3017 κακὰ
342 2977 396 3017 om.
421 2960 500 3015 V-
526 2957 559 3018 ἐκ
580 2961 727 3034 θαλάσσης
745 2963 771 3017 V
790 2995 823 3004 -
849 2980 900 3034 pro
922 2963 1011 3020 πολλὰ
1039 2961 1071 3020 δὲ
1099 2959 1145 3020 ἐκι

126 3031 177 3088 καλ
190 3032 285 3103 vulg0‚
303 3031 439 3089 πολλὰδὲ
458 3033 508 3088 καλ
527 3029 558 3090 ἐκ
575 3041 626 3105 γῆς
638 3034 664 3088 V
679 3065 711 3076 -
731 3041 747 3089 3
767 3029 893 3106 ἐκτανθῇ
909 3036 979 3090 V-
997 3031 1029 3092 ἐν
1047 3037 1147 3108 μακρῷ

125 3106 211 3175 vulgo
230 3105 282 3197 βά.
303 3137 336 3146 -
356 3112 373 3160 4
391 3107 458 3177 post
476 3103 568 3180 χρόνῳ
587 3105 652 3164 add.
666 3105 732 3163 Dd.:
752 3105 841 3162 πολλὰ
860 3106 935 3162 κακά
953 3114 1012 3173 τοῖς
1030 3108 1146 3178 ἀνθρώ-

123 3195 189 3240 ποις
207 3195 319 3248 χινηται
