2430 3856
499 173 539 224 IN
557 173 589 228 V.
610 176 723 226 14-19.

96 342 213 415 φωνεῐ,
228 338 353 416 θρηνεῖ
362 332 403 400 Η.
426 334 501 417 ἥκοι
516 344 577 399 πᾶ-

96 455 159 503 σαν
174 439 236 522 τὴν
250 442 389 524 νεότητα
406 439 578 506 ἀνακαλεῖ-

94 569 148 610 ται
176 545 194 610 ὁ
226 549 337 631 θυμός
365 547 401 613 Β.
442 554 576 633 θρηνεῖ,

94 656 170 738 βοᾷ,
195 652 405 719 ἀνακαλεῖται
430 653 447 719 ὁ
468 657 577 738 θυμός

94 783 161 845 μου
176 757 317 846 (θρηνεῖ
324 783 386 826 om.
398 759 441 846 G)
453 759 523 825 GL.
535 797 576 806 —

96 868 138 930 14
162 870 310 951 μηνυτής
320 867 412 933 V.—
428 864 502 932 ἀντὶ
516 875 577 930 τοῦ

95 975 222 1056 φυγεύς
235 970 414 1059 (φυγαςν)
424 972 578 1038 VEL.-

97 1081 137 1144 15
157 1083 204 1158 εἰς
217 1081 254 1146 τὸ
267 1081 307 1145 V.
326 1082 372 1157 εἰς
382 1079 424 1146 Η.
436 1117 473 1127 -
487 1082 576 1165 ἔρχε-

93 1187 232 1252 thG.
250 1225 287 1234 —
305 1190 410 1252 λείπει
429 1186 512 1251 ὥστε
532 1187 575 1250 εί-

94 1306 171 1359 πεῖν
193 1292 269 1377 περὶ
293 1293 430 1358 ἐκείνων
450 1293 489 1358 V.
513 1331 550 1340 —

96 1403 137 1465 16
162 1401 213 1466 ὅτι
225 1397 397 1466 Ἀκεσσαία
411 1403 575 1486 πρότερον
633 1401 673 1466 16
703 1395 765 1484 ἠδ’
798 1395 1022 1486 Ἐκβατάνωνε
1063 1402 1113 1467 ὅτι

96 1508 243 1573 ἐκαλεῖτο
283 1507 347 1573 ἀπὸ
382 1504 576 1572 Ἀκεσσαίου
631 1504 666 1595 (i.
682 1529 707 1573 e.
723 1510 905 1593 σημείωσαι
925 1508 988 1588 ὅτι)
1005 1505 1112 1574 ’Am-

95 1617 135 1679 τὰ
158 1623 222 1680 νῦν
247 1609 429 1696 Ἐκβάτανα
456 1613 576 1679 καλού-
631 1616 709 1679 σαία
753 1616 917 1701 πρότερον
965 1614 1111 1680 ἐκαλεῖτο

94 1745 178 1806 μενα
193 1721 251 1785 GL
271 1719 422 1807 (ἀκεααῖα
438 1721 475 1785 G.
504 1720 576 1786 ἀκε-
631 1719 694 1786 ἀπὸ
733 1715 925 1787 Ἀκεσσαίου
967 1723 1007 1786 τὰ
1048 1730 1112 1787 νῦν

94 1839 187 1893 σαῖαι
202 1827 236 1892 L.
255 1827 318 1894 ἀπὸ
333 1838 395 1893 τοῦ
409 1825 523 1892 ἀκέσαι
539 1827 575 1891 G.
627 1823 811 1911 Ἐκβάτανα
843 1828 1039 1914 καλούμενα.
1068 1867 1109 1875 -

93 1987 158 2052 ἀπὸ
178 1949 334 2054 καιοαίον
352 1997 458 2054 τανῦν
473 1987 576 2073 L).—

95 2150 136 2214 16
151 2149 203 2230 τὸ]
219 2149 302 2213 ἄστυ
312 2148 353 2214 Η.
363 2186 407 2196 -
418 2149 575 2230 Σούσων]

93 2257 189 2332 πόλις
213 2259 356 2340 Περσῶν
373 2254 413 2320 V.
439 2292 478 2300 -
503 2253 576 2339 ἠδ’]

92 2360 150 2427 καὶ
169 2361 209 2428 V.
236 2399 274 2410 -
302 2357 400 2445 Έκβ]
426 2364 576 2447 Περσικὴ

92 2467 272 2552 Μήδωνλῖ.
290 2471 403 2544 πόλεις
413 2473 580 2553 Περσικαί

93 2575 135 2639 Η.
153 2611 191 2622 -
215 2577 254 2640 17
280 2575 575 2659 πολίχνιονΗΗΙν,
632 2580 672 2644 17
687 2580 784 2656 πόλις
794 2580 984 2666 Περσῶντὸ
996 2584 1112 2645 Κίσσι-

91 2683 188 2758 πόλις
211 2682 281 2747 add.
299 2681 338 2764 V,
361 2683 468 2765 ἤγουν
491 2683 575 2748 ἄστυ
628 2709 701 2752 νον.
728 2722 765 2733 -

92 2788 163 2854 add.
179 2787 216 2853 L.
234 2826 271 2835 -
295 2790 335 2853 18
358 2791 575 2868 καταλείψαν-

91 2893 185 2971 mv.
196 2933 239 2941 —
251 2895 574 2981 §nopedoe‘maaer-

92 3003 139 3078 εἰς
161 3003 223 3087 τὴν
242 2999 383 3066 Ἑλλάδα
407 3002 515 3068 HBG.
534 3042 571 3051 —

91 3107 302 3186 &vmqv-
314 3105 360 3173 ἐνί
366 3105 432 3193 (ἀπ’
441 3110 485 3195 V)
497 3111 575 3176 ἐκεί-

92 3239 164 3280 νων
187 3211 297 3300 ἦλθον
321 3217 404 3299 πρὸς
427 3218 488 3301 τὴν
502 3214 574 3284 Ἑλ-

92 3323 179 3388 λοίδα
189 3322 228 3387 V.
243 3360 286 3370 -
305 3324 412 3406 ἤγουν
436 3325 575 3408 ἔφιπποι

91 3429 163 3496 GL.
174 3467 217 3477 —
230 3431 270 3496 19
286 3433 391 3510 ναῶν]
407 3453 538 3516 usupra
553 3456 574 3497 α

90 3535 164 3617 VL,
179 3559 277 3622 supra
291 3560 326 3621 ηε
344 3540 473 3602 πλοίων
483 3537 572 3603 V.-
