2430 3856
112 192 179 258 208
545 192 703 246 SOHOLIA

113 355 223 440 γέρων
251 354 415 438 ἀπώλετο,
445 353 595 421 τουτέστι
622 354 742 433 πάντες
770 353 806 421 οί
825 352 897 420 νέοι
920 352 1130 439 ἐφθάρησαν,

114 460 223 547 γέρων
255 457 292 527 δέ
325 461 445 540 οὐδείς.
489 465 569 540 τοὺς
595 463 659 548 γὰρ
687 459 785 540 νέους
812 463 937 547 μόνους
964 459 983 528 ὁ
1006 459 1131 547 Ξέρξης

85 593 102 634 σ
116 568 403 656 ἐστρατολόγησεν.

114 716 130 763 3
150 704 330 835 ἐρδόρησαν,
346 706 376 764 σί
391 706 423 764 δέ
439 706 567 781 γέροντες
581 709 615 764 οό
631 708 743 780 vulgov
758 740 791 749 -
811 713 828 761 4
847 704 937 778 γέρων
953 705 985 763 δὲ
996 751 1003 764 .
1014 749 1021 763 .
1032 703 1128 776 ἐστρα-

113 784 160 835 τολ
178 798 263 851 γησεν
282 798 334 835 om.
352 780 379 834 H
402 812 435 822 -
459 779 563 851 μόνους
585 797 639 835 om.
659 783 680 834 P
705 811 738 820 -
765 786 781 835 5
805 774 1023 850 ἐστρατολόγησε
1041 778 1125 847 vulgo

113 851 167 907 Dd.
186 883 222 895 -
245 851 323 906 Ηεεσ
342 853 428 920 vulgo
447 853 477 907 et
494 868 539 923 ap.
558 851 612 906 Dd.
632 851 745 921 addita,
768 866 840 920 quae
863 867 921 904 non
937 851 968 904 in
986 849 1071 906 PVH
1088 849 1128 905 le-

111 925 230 991 guntur:
249 924 316 987 τοὺς
333 921 365 978 δέ
384 921 519 994 γέροντας
537 923 575 986 ὡς
592 923 726 987 ἀσθενεῖς
741 921 826 985 όντας
839 920 887 976 καλ
901 920 939 992 μὴ
954 918 1128 992 δυναμένους

113 1001 237 1120 τιιηῆσαγλ
246 992 327 1064 ὅπλα,
346 993 535 1069 αατέλειψε<ν
555 991 607 1068 έν)
629 1002 663 1066 τῇ
681 995 800 1065 Περσίδι
817 988 1082 1068 γόρμέπιτηρητοίς
1099 1010 1127 1046 τε

113 1085 151 1120 ιια
181 1086 222 1135 φο
239 1085 319 1129 αιιας.

182 1212 246 1277 736
284 1211 414 1296 μονάδα
434 1208 470 1277 δέ
488 1207 630 1296 Ξέρξηνι
654 1208 893 1297 μεμονωμένον
913 1208 952 1276 δέ
968 1225 1053 1296 φασι
1070 1209 1128 1273 τὸν

112 1315 241 1403 Ξέρξην
265 1318 442 1404 ἀπομεῖναι
464 1315 520 1383 καὶ
541 1319 665 1404 ἔρημον
684 1317 724 1384 οὐ
743 1317 824 1403 μετὰ
841 1321 976 1382 πολλῶν
994 1316 1128 1402 ἀνδρῶν

113 1426 311 1512 διαπερᾶσαι
333 1425 393 1490 τὸν
410 1419 666 1508 Ἑλλήσποντον.
686 1459 727 1472 -
756 1425 817 1509 την
842 1425 1051 1507 ζευκτηρίαντ
1073 1423 1128 1507 δη-

112 1517 197 1616 λαδη
226 1531 288 1614 τὴν
316 1529 354 1596 ἐν
383 1532 481 1596 δυοῖν
507 1527 621 1615 μέρεσι
644 1527 800 1614 κειμένην
823 1527 878 1595 καὶ
902 1532 1129 1614 σνζευγνῦσαν

84 1638 209 1705 ταύτό.
255 1636 344 1722 λέγει
367 1633 405 1704 δὲ
427 1638 489 1722 τὴν
508 1631 622 1703 Ἀσίαν
645 1633 700 1702 καὶ
722 1636 784 1720 τὴν
806 1635 983 1722 Εὐρώπην.

118 1762 122 1773 Ι
186 1793 333 1866 λφησιλί
362 1827 395 1836 -
424 1801 439 1849 2
463 1791 573 1864 Ξέρξην
598 1791 702 1865 ἔρημον
725 1794 758 1848 οὗ
782 1792 852 1865 μετδι
874 1796 984 1849 πολλῶν
1003 1793 1128 1863 ἀνδρῶν·

111 1865 188 1923 εἶναι
207 1862 382 1930 έλλειπτικῶς
400 1863 417 1933 ἢ
438 1863 584 1936 ἔρχεσθαι·
609 1869 780 1935 διαπερᾶσαι
804 1864 889 1936 (unde
911 1880 1018 1919 novum
1041 1865 1128 1921 schol.

112 1938 223 2008 incipit)
238 1938 261 1993 P
279 1968 313 1978 -
333 1936 421 2008 μόνον
440 1939 506 2008 post
521 1941 630 1993 πολλῶν
644 1936 763 1991 inser.V
779 1967 812 1978 -
834 1941 851 1989 3
872 1938 938 1990 ante
958 1937 1045 1992 διαπε
1063 1935 1129 1992 όσαι

113 2009 188 2080 (εῐο)ι
205 2008 255 2064 τόν
270 2007 370 2080 ξέρξην
385 2008 480 2078 vulgo,
499 2008 549 2063 τὸν
563 2006 664 2079 ξέρξην
677 2007 791 2077 φασλλί,
832 2005 899 2063 όνον
914 2004 946 2063 δέ
960 2007 1012 2063 τόν
1030 1957 1129 2080 ξέρξην

110 2079 184 2150 φασί
202 2080 229 2133 Η
246 2079 376 2134 inserunt
399 2111 432 2120 -
454 2082 521 2150 ροεσ
539 2078 684 2148 Ἑλλήσπι
707 2082 772 2150 ὑγιῆ
822 2079 848 2133 Η
871 2109 905 2120 -
929 2078 1060 2134 averbis
1077 2078 1129 2149 τὴν

112 2152 278 2221 ζευκτηρίαν
296 2167 401 2206 novum
420 2151 508 2206 schol.
527 2150 660 2206 incohare
675 2151 755 2207 codd.
768 2166 827 2205 non
840 2148 968 2205 indicant
981 2180 1016 2192 -·
1030 2152 1128 2221 δηλον-

109 2221 188 2277 ότιλί
204 2254 238 2264 -
257 2229 274 2277 4
294 2223 327 2277 οό
347 2225 501 2291 ζευγνῦσαν
515 2221 549 2291 Η,
570 2223 603 2277 οό
623 2221 820 2293 ζευγνεῐσανν
835 2253 869 2263 -
889 2219 1128 2279 όαότόνΒάΝΗ

178 2493 242 2558 738
289 2494 348 2558 τὸν
370 2487 628 2576 Ἑλλήσποντον,
662 2487 698 2569 ὃς
726 2492 903 2575 ζεύγνυσιν
929 2488 1045 2558 Ἀσίαν
1070 2487 1125 2556 καί

109 2600 288 2685 Εὐρώπην.
327 2599 423 2683 ζυγὸς
440 2599 504 2684 γὰρ
524 2589 598 2664 οἷον
617 2595 746 2681 ἐγένετο
765 2608 836 2674 ταῖς
855 2595 954 2664 δυσὶν
968 2597 1125 2685 ἠπείροις.

109 2707 208 2792 vulgo
217 2704 277 2770 Dd.

179 2869 195 2917 2
216 2862 321 2933 ζυγὸς.
342 2861 494 2933 ,ἠπείροις
513 2862 598 2932 vulgo
618 2877 672 2918 om.

176 3135 239 3199 741
277 3140 353 3219 φεῦ,
376 3132 489 3218 ταχεῖά
506 3128 538 3216 γ’
559 3126 680 3217 ηλδενε
703 3131 748 3210 ὡς
765 3141 827 3198 τοῦ
844 3133 995 3218 Δαρείου
1013 3133 1123 3198 είπόν-

106 3265 163 3318 τος
185 3236 240 3305 καὶ
264 3232 339 3306 οἷον
357 3237 698 3325 προμαντευσαμένου
716 3240 775 3304 τὸν
793 3237 921 3324 Ξέρξην
940 3237 1122 3323 ἀποβαλεῖν

104 3349 215 3414 πολὺν
238 3349 329 3413 λαόν.

172 3511 188 3558 1
203 3522 282 3576 γρησ
301 3503 336 3560 δν
354 3501 484 3568 εἰπόντος
496 3502 549 3560 Dd.
565 3535 598 3544 —
617 3510 633 3559 λ
652 3499 941 3575 πραγματευσαμένου
956 3504 982 3559 Η
997 3533 1032 3546 -
1050 3503 1122 3560 ἀπο-

76 3572 232 3642 βιίλλοντα
299 3610 331 3620 -
352 3584 370 3635 3
390 3578 463 3636 λαὸν
481 3575 573 3635 πολύν
590 3575 620 3632 Η
878 3583 881 3589 ’
