2430 3856
126 187 189 252 180
555 189 711 241 SCHOLIA

123 356 180 416 λεν
204 350 312 435 ἰσχύς,
341 361 407 416 τῶν
435 350 609 435 ἤγεμόνων
636 349 781 416 καὶτῶν
806 333 977 437 ἀρχόντων
1001 352 1140 436 δηλαδή.

122 457 330 543 vulgoDd.V.

189 672 254 738 598
267 693 335 756 sqq.
377 672 578 755 αἱμαχθεῖσα
604 670 634 736 δ’
658 673 800 757 ἄρουραι
828 671 848 755 ἤ
873 672 1002 759 ἄρουρα
1027 668 1064 738 δὲ
1087 671 1140 738 καλ

122 778 143 862 ἤ
166 788 208 862 γῆ
232 775 287 842 καλ
311 778 331 861 ἤ
355 778 446 862 χώρα
469 787 529 843 τοῦ
548 784 694 855 Αἴαντος
716 778 737 862 ἤ
758 779 959 863 περικλύστα
977 777 1032 844 καλ
1051 801 1141 866 περι-

20 912 22 918 *
122 883 316 969 κλυζομένη,
341 893 380 970 τῇ
399 885 553 972 θαλάσσῃ
573 886 712 970 δηλαδῆ,
731 895 843 969 νῆσος,
863 887 971 970 ἤγουν
989 885 1010 969 ἤ
1030 890 1140 973 Σαλα-

123 995 192 1076 μίν,
217 995 283 1076 ἔχει
306 993 346 1056 τὰ
369 992 504 1076 σώματα
527 1001 595 1057 τῶν
618 998 770 1077 Περσῶν.

196 1156 209 1202 1
230 1147 262 1203 δὲ
281 1166 334 1204 om.
350 1148 493 1217 vulgoDd.
506 1156 567 1204 -2
587 1149 773 1219 περικλύστρα
794 1149 923 1205 Η-καλ
942 1149 960 1219 ἤ
979 1152 1086 1221 πὲρικλ.
1106 1149 1138 1217 Η,

123 1220 172 1275 καὶ
186 1220 203 1290 ἡ
220 1220 374 1292 κλυζομένη
390 1221 415 1274 V
431 1227 499 1307 -.3
518 1220 607 1292 ἤγουν
626 1221 692 1291 ὴΣ.
708 1239 761 1276 om.
774 1221 830 1275 VH
846 1253 877 1260 —-
898 1221 1027 1292 Σαλαμὶς
1042 1221 1139 1292 Ρ(Ι)δ.)

191 1421 253 1485 601
268 1441 336 1504 sqq.
378 1423 484 1502 φίλου
513 1413 538 1483 ὦ
563 1423 667 1503 φίλοι,
693 1421 782 1498 ὅστις
805 1429 902 1504 κυρεῖ
922 1419 979 1485 καὶ
1000 1419 1140 1506 ὑπάρχει

122 1529 268 1612 ἔμπορος
295 1537 362 1590 τῶν
390 1536 512 1610 κακῶν,
541 1528 648 1610 ἤγουν
673 1525 822 1611 ἐμπλέων
845 1537 915 1603 τοῖς
937 1538 1069 1612 κακοῖς,
1095 1553 1139 1611 γι-

122 1634 256 1718 νώσκει,
280 1633 341 1717 ὅτι,
366 1633 446 1698 ὅταν
470 1633 595 1719 ἐπέλθῃ
618 1634 752 1699 κλύδων
770 1632 826 1698 καλ
846 1633 924 1717 ζύλη
943 1645 1011 1699 τῶν
1029 1645 1139 1701 κακῶν

122 1751 193 1818 τοῖς
225 1741 431 1826 ἀνθρώποις,
463 1745 557 1824 φιλεῖ
586 1738 641 1805 καὶ
671 1743 751 1816 ἔθος
781 1743 848 1824 ἔχει
878 1744 1062 1825 φοβεῖσθαι
1096 1743 1140 1819 εἰς

97 1848 247 1930 τπύντα,
271 1849 378 1931 ἤγουν
402 1845 457 1912 καὶ
480 1849 528 1924 εἰς
549 1848 590 1912 τὰ
612 1849 693 1932 μετὰ
716 1856 833 1912 ταῦτα·
861 1847 942 1912 ὅταν
966 1844 1005 1913 δὲ
1028 1848 1046 1914 ὁ
1072 1850 1140 1915 δαί-

122 1978 196 2038 μων
228 1952 283 2019 καὶ
316 1953 336 2037 ἤ
369 1955 450 2037 τύχη
479 1953 579 2038 εὐροῇ
609 1951 664 2018 καὶ
690 1959 799 2030 καλῶς
826 1951 881 2019 καὶ
909 1953 1056 2039 εὐτυχῶς
1083 1954 1139 2042 ῥέχ

122 2058 178 2124 καὶ
202 2059 389 2144 ἐπέρχχται,
414 2063 495 2137 ἔθος
523 2063 589 2145 ἔχει
617 2061 695 2144 (ἀπὸ
718 2069 836 2126 κοινοῦ
858 2060 974 2145 πάλιν)
997 2068 1140 2148 θαρρεῖν

124 2167 185 2249 τῆν
208 2166 313 2250 αὐτὴν
335 2167 492 2250 εὐτυχίαν
511 2167 746 2252 οὐριοδρομεῑν
765 2165 819 2232 καλ
839 2169 886 2244 εἰς
904 2169 943 2234 τὸ
961 2167 1141 2251 μετέπειτα.

124 2275 204 2351 ἔθος
230 2272 295 2357 γὰρ
324 2275 459 2358 ἔχουσιν
487 2274 522 2338 οὐ
543 2274 786 2358 δυστυχοῦντες
811 2273 994 2358 δυστυχίαν
1017 2276 1140 2361 φαντά-

83 2404 109 2444 10
124 2384 249 2464 ζεσθαι,
274 2380 310 2445 ού
331 2376 368 2445 δὲ
392 2380 608 2465 εὐτυχοῦντες
631 2381 796 2466 εὐτυχίαν.

195 2546 210 2592 2
232 2536 362 2608 ἔμπειρος
383 2538 405 2589 V
426 2569 458 2578 -
484 2535 607 2610 ἔμπλεως
625 2539 651 2592 Η
673 2570 707 2579 -
730 2539 898 2607 γινώσκηΗ
927 2569 960 2580 -
988 2545 1004 2593 3
1025 2536 1069 2594 ὅτι
1087 2556 1140 2593 om.

123 2608 150 2661 H
168 2640 203 2697 '-
223 2617 238 2663 6
257 2610 275 2678 ἤ
295 2613 362 2663 ante
380 2609 449 2702 τύχη
469 2626 523 2666 om.
537 2610 623 2680 vulgo
646 2641 681 2650 -
705 2613 796 2701 καλῶς
814 2611 935 2680 εὐτυχῶς
954 2607 1004 2680 ἔχῃ
1022 2610 1072 2665 καὶ
1091 2607 1140 2682 ῥύῃ

124 2677 276 2750 ἐπερχηται
294 2683 319 2735 Η
335 2703 381 2722 ¹-
410 2679 461 2751 ρέγχ
480 2681 530 2735 καλ
548 2680 642 2736 om.V
665 2713 697 2722 -
728 2688 815 2751 8την
833 2681 965 2736 οὐκοῦν
989 2711 1022 2721 -
1050 2683 1141 2751 οὐριο-

124 2753 245 2820 δρομαῑο
263 2751 302 2817 Η,
326 2753 526 2822 οὐριοδραμεῖν
544 2753 629 2821 vulgo
657 2785 691 2794 -
720 2748 748 2815 ἐς
766 2752 797 2807 τὸ
816 2752 878 2820 Dd.,
898 2751 939 2815 εἰς
956 2751 992 2806 τὰ
1010 2752 1042 2808 τδ
1062 2754 1087 2808 Η
1108 2783 1139 2794 -

123 2824 190 2891 post
208 2820 357 2892 μετέπειτα
374 2822 474 2893 vulgo:
503 2823 601 2887 ἄλλως·
631 2832 727 2879 κακῶν
746 2821 797 2894 μὲν
816 2822 891 2887 ὅστις
909 2823 957 2878 καλ
975 2821 1011 2878 τὰ
1031 2817 1140 2894 ἓξῆς.δ

123 2900 191 2954 νοῦς
213 2891 256 2947 ὅτι
281 2891 349 2957 ἔθος
368 2892 480 2964 ἔχουσιν
503 2899 569 2964 κτλ,
593 2897 668 2951 certe
692 2895 779 2950 schol.
802 2897 845 2963 M,
873 2895 950 2964 quod
972 2895 1009 2949 ab
1032 2896 1141 2951 editore

124 2966 164 3017 sie
184 2981 247 3018 cum
263 2964 319 3021 sch.
335 2965 401 3035 Byz.
417 2965 599 3022 coniunctum
613 2968 658 3022 est
676 2967 743 3036 (vid.
758 2985 785 3036 p.
800 2966 896 3033 LVII.)
907 2984 949 3007 ’-
969 2973 985 3022 9
1003 2983 1056 3036 pro
1075 2969 1141 3022 δυσ-

124 3044 285 3106 τυχοῦντεςε
305 3038 489 3108 δυστυχεῖςλλ
508 3069 543 3080 -
565 3040 631 3109 post
649 3040 815 3108 δυστυχίαντ
834 3038 883 3093 καλ
902 3036 942 3102 εἰς
959 3037 992 3094 τδ
1010 3033 1075 3108 ἕξῆς
1088 3038 1139 3092 Dd.

191 3236 256 3301 606
268 3258 335 3322 sqq.
382 3233 455 3320 ἐμοὶ
482 3239 546 3321 γὰρ
573 3238 652 3321 ἤδῆε
685 3235 759 3322 ἐμοὶ
787 3239 866 3323 γάρ,
900 3241 998 3322 φησί,
1029 3239 1140 3323 φόβου

122 3340 266 3426 γέμοντα
298 3343 339 3408 τὰ
371 3343 478 3408 πάντα
510 3346 665 3428 φαίνεται
697 3341 735 3409 ἐν
765 3355 835 3420 τοῖς
872 3342 964 3428 ἐμοῖς
995 3344 1140 3429 ὄμμασιν

123 3447 242 3514 ἀνταϊα
260 3446 316 3514 καὶ
334 3448 464 3535 ἐμφανῆ
483 3448 537 3515 καὶ
557 3450 661 3535 ὐντην
675 3441 765 3538 (οἷον
779 3447 833 3516 καὶ
847 3449 930 3514 κατὰ
943 3448 1139 3536 πρόσωπον)

180 3598 196 3643 1
214 3588 274 3665 γάρ
289 3609 344 3649 om.
357 3590 509 3667 vulgobd.
526 3623 560 3635 -
575 3587 628 3666 μὶν
641 3608 696 3664 pto
709 3588 794 3662 γδρἾ
815 3619 846 3629 -
860 3594 880 3641 υ
893 3585 953 3641 οἷον
967 3588 1140 3642 mm&-
