2430 3856
109 176 152 241 36
535 178 696 230 SCHOLIA

177 340 217 404 79
242 338 407 423 ὀχυροῖσιι
435 339 605 416 πεποιθὼς
631 337 687 404 καὶ
710 345 851 424 θαρρῶν
880 337 1024 422 ἐφέταις,
1052 340 1127 422 ἤτοι

108 445 256 525 τοξόταις
279 443 334 511 καὶ
356 446 505 530 ἡγεμόσι,
529 457 598 523 τοϊς
617 446 681 511 ἀπὸ
700 455 757 530 τῆς
771 449 984 532 χρυσονόμου
998 456 1126 530 γενεᾶς,

110 553 260 638 ὀχυροῖς,
292 550 470 636 στυφέλοις
498 550 554 618 καὶ
577 558 734 638 σκληροῖς
763 552 781 618 ό
811 555 945 630 ἰσόθεος
972 553 1043 638 φῶς
1072 551 1128 618 καὶ

109 660 212 745 ἀνήρ,
245 658 417 725 τουτέστιν
449 659 467 724 ὁ
495 657 627 745 Ξέρξης.
673 660 710 724 τὸ
743 657 780 724 όέ
812 662 1024 745 χρυσονόμου
1053 658 1128 725 ἀντὶ

85 775 172 831 ιτοῦ
194 769 356 843 πλουσίας
379 761 458 832 εἷπε.
504 763 591 843 τινές
619 761 655 830 δέ
678 770 888 852 χρυσογόνου
912 764 1048 850 λέγουσι
1072 769 1128 832 διὰ

109 875 147 938 τὸ
171 875 230 938 τὸν
245 871 377 958 Περσέα
401 873 465 938 ἀπὸ
488 881 615 958 χρυσοῦ
634 880 849 957 γεγενῆσθαι·
874 873 891 939 ὃ
910 871 966 939 καὶ
984 873 1126 958 βέλτιον.

105 981 280 1063 ,ἀπογόνου
304 989 390 1063 γοῦν
414 997 497 1064 φησι
520 989 578 1064 τῆς
601 978 757 1064 Περσέως
779 990 907 1064 γενεᾶς·
936 981 956 1065 ἢ
979 991 1037 1066 τῆς
1059 993 1127 1046 τῶν

113 1098 247 1172 χρυσῶν
271 1087 475 1172 ἀνθρώπων·
498 1086 519 1171 ἢ
542 1088 767 1173 πολυχρύσου.

183 1243 317 1299 Scholion
339 1243 370 1297 in
394 1261 486 1314 super.
504 1261 594 1313 marg.
612 1244 730 1314 praebet
748 1244 774 1297 V
792 1277 826 1285 —
851 1245 956 1299 lemma
979 1244 1068 1301 sicin
1087 1247 1113 1300 H
1119 1269 1128 1317 :¹

110 1369 251 1439 όχειροῖσι.
272 1399 303 1407 -
326 1377 339 1422 1
360 1369 477 1439 θαρρῶν
496 1369 522 1423 V
539 1401 574 1410 —
593 1335 696 1439 ἐφέταις
714 1370 749 1437 V,
772 1365 840 1438 έφετ
859 1387 922 1423 cum
941 1387 1031 1439 comp.
1051 1371 1128 1438 quod

111 1459 143 1496 ον
159 1439 252 1508 signif.
264 1439 314 1493 sed
329 1439 421 1493 simile
437 1440 499 1494 eius
513 1442 588 1509 quod
603 1461 649 1504 αις
662 1441 688 1494 Η
706 1471 742 1481 -
760 1439 848 1511 ἤγουν
859 1440 893 1508 Η,
908 1438 926 1508 ἢ
941 1441 1128 1511 vulgoDd.-

111 1517 127 1564 2
141 1516 199 1573 τοῖς
213 1510 270 1566 ἀπὸ
285 1527 338 1565 om.
349 1511 497 1580 vulgoVH
515 1543 549 1551 -
567 1520 684 1583 γεννεᾶς
699 1511 788 1566 altero
804 1533 820 1567 ν
836 1511 942 1567 lineola
956 1511 1049 1567 deleto
1060 1514 1126 1566 V—

111 1589 127 1636 6
145 1585 335 1653 γεγεννῆσθαι
352 1583 373 1636 V
396 1614 429 1622 -
449 1588 464 1636 7
483 1583 540 1638 ἀπὸ
559 1581 644 1654 γόνου
659 1583 683 1637 V
704 1616 736 1624 -
756 1585 905 1654 γενεᾶςιιλ
918 1603 943 1638 v.
959 1590 974 1638 2
991 1584 1126 1654 scriptum

111 1653 141 1706 in
161 1655 181 1706 V
205 1685 237 1695 —-
258 1659 274 1708 8
294 1652 323 1709 οἳ
340 1654 511 1726 πολύχρυσοι
531 1656 564 1722 V,
584 1653 614 1710 οἱ
629 1655 798 1726 πολύχρυσοι
817 1655 842 1707 H

177 2259 219 2324 82
232 2280 300 2343 sqq.
347 2257 491 2323 κνόνεον
515 2255 545 2323 δ’
574 2260 714 2344 όμμασιε
739 2257 870 2342 βλέπων
891 2257 928 2324 δέ
947 2261 1050 2345 μέλαν
1069 2260 1124 2326 καὶ

110 2365 251 2448 μανικὸν
275 2364 312 2430 έν
335 2366 481 2450 όμμασιν
505 2363 537 2452 (ὃ
564 2366 777 2449 παρακατιὼν
801 2365 968 2451 ἐδήλωσεν
992 2368 1009 2433 ὁ
1032 2390 1126 2451 ποιη-

109 2473 168 2556 τὴς
191 2472 306 2537 εἰπών·
336 2470 462 2558 δέργμα
488 2471 544 2538 καὶ
573 2471 702 2558 βλέμμα
732 2475 859 2558 δηλαδὴ
888 2478 1024 2560 φοινίου
1048 2475 1126 2560 δρύ-

110 2601 235 2656 κοντος.
283 2589 383 2645 τοῦτο
407 2579 693 2666 έφερμηνευτικῶς
715 2578 876 2668 τέθειται)
900 2581 1012 2665 ἐπάγει
1035 2580 1127 2659 τοξό-

82 2705 95 2744 τ
112 2683 370 2771 όαμνον’Ἀρην,
389 2687 496 2769 ἤγουν
514 2688 573 2751 τὸν
595 2687 632 2752 έν
645 2689 753 2768 τόξοις
769 2688 954 2773 ὃαμύζοντα
968 2691 1126 2771 πόλεμον,

112 2801 181 2867 τοῖς
205 2787 343 2874 Ἕλλησι
375 2792 503 2875 πολλὴν
537 2794 683 2878 δύναμιν
713 2804 925 2878 στρατιωτῶν
956 2795 1041 2877 έχων
1071 2789 1125 2855 καὶ

111 2897 235 2972 πολλὰς
262 2905 345 2979 νῆας
369 2894 482 2983 (τοῦτο
505 2899 569 2984 γὰρ
594 2900 694 2981 δηλοῖ
709 2900 746 2964 τὸ
765 2899 923 2982 πολύχειρ
947 2895 1001 2962 καὶ
1024 2901 1125 2962 πολυ-

186 3061 199 3106 1
219 3052 324 3108 lemma
342 3053 373 3107 in
392 3053 461 3122 VH,
487 3055 537 3109 sed
555 3055 661 3111 λεύσων
680 3053 745 3123 (sic,
764 3056 797 3109 ut
814 3053 844 3107 in
862 3057 943 3122 text.)
962 3055 1026 3111 add.
1046 3055 1072 3108 V
1092 3088 1124 3096 —

8 3183 9 3188 ,
115 3123 224 3199 βλέπων
239 3121 271 3180 δὲ
286 3141 340 3180 om.
356 3123 388 3195 O,
403 3122 435 3180 δὲ
451 3141 504 3181 οιιι.
520 3126 553 3196 H,
574 3124 682 3201 βλέπων
693 3169 699 3182 .
711 3125 847 3197 ,ὄμμασιν
866 3127 955 3182 om.V
976 3161 1007 3168 -
1027 3133 1091 3197 2sq.
1111 3125 1125 3182 ὃ

113 3241 120 3253 .
141 3240 147 3252 .
166 3196 253 3253 εἰπόν
272 3213 327 3251 om.
345 3195 368 3250 P
400 3228 435 3237 -
468 3192 607 3266 ἐδήλωσεν
628 3198 663 3267 0,
687 3197 862 3269 ἡρμήνευσεν
881 3199 950 3266 VH,
970 3199 1019 3269 qui
1039 3200 1127 3254 verba

111 3278 193 3324 τοῦτο
214 3311 221 3325 .
240 3313 246 3325 .
266 3266 393 3324 τέθειται
412 3285 495 3324 omm.
515 3300 548 3310 —-
572 3269 588 3325 ό
607 3286 660 3326 om.
681 3270 703 3326 Ο
724 3302 756 3310 -
781 3278 796 3324 3
817 3269 923 3341 δρέγμα
942 3271 968 3324 Η
988 3303 1021 3312 -
1040 3277 1058 3324 4
1077 3266 1126 3326 έπ-

112 3339 167 3411 άγη
186 3341 225 3409 H,
245 3335 345 3412 έπύγει
364 3338 396 3396 δέ
414 3340 466 3394 Dd.
499 3373 525 3381 —
558 3341 716 3412 θόύναμιν
736 3340 807 3413 ἔχων
827 3341 1027 3412 στρατιωτικὴν
1046 3342 1072 3395 V
1093 3374 1124 3382 -

112 3414 179 3482 post
197 3421 371 3481 στρατιωτῶν
391 3411 516 3482 ap.1)d.:
544 3413 594 3469 καὶ
615 3413 721 3484 πολλὴν
743 3422 800 3484 νῆα
822 3422 904 3470 τοῦτο
923 3418 993 3482 κτλ,
1020 3415 1049 3469 in
1070 3412 1126 3467 VH

109 3491 192 3536 τοῦτο
202 3483 260 3552 γὰρ
274 3483 306 3538 τό
320 3483 452 3555 πολύχειρ
467 3485 644 3557 (πολύχειρον
656 3487 694 3557 Η)
707 3487 756 3541 καὶ
770 3485 873 3550 πολλὰς
887 3493 970 3555 νῆας·
990 3484 1126 3554 ἀσσύριον

90 3551 228 3618 (ἐναέριον
243 3554 286 3624 H)
304 3575 337 3610 τε
355 3560 410 3614 κτλ.
434 3589 467 3599 -
