2430 3856
83 174 175 226 xxrv
482 158 692 226 raanrarro.

86 336 246 401 tationem
278 334 317 400 de
348 336 476 401 ratione
509 358 591 420 quae
620 335 799 400 intercedat
828 336 915 401 inter
944 335 1102 422 Aeschyli

88 442 211 507 scholia
235 442 381 508 Medicea
404 447 437 507 et
460 444 669 509 scholiastam
693 438 743 526 A',
762 464 868 528 progr.
890 444 978 509 acad.
998 444 1101 510 Bonn.

86 571 114 614 a.
135 550 231 635 1868,
255 553 288 614 et
315 549 628 614 ‘commentariolum
655 548 693 613 de
722 549 854 615 scholiis
883 551 919 614 in
947 552 1102 638 Aeschyli

86 661 203 742 Agam.
227 655 403 721 scholiasta
429 655 573 721 Mediceo
599 656 853 738 vetustioribus',
880 659 913 720 in
938 659 1004 724 ind.
1027 659 1101 725 lect.

85 764 190 829 Bonn.
220 761 370 849 1868β69,
399 768 432 827 et
459 785 570 828 eorum
598 785 679 848 quos
707 764 774 828 iam
801 765 932 829 laudavi
960 767 1102 831 maxime

86 871 206 936 librum
235 872 273 936 de
296 870 454 954 Aeschyli
484 867 663 958 memoria).
710 869 792 934 Tum
820 869 1022 936 Wecklinius
1052 871 1103 960 (in

86 979 171 1043 curis
196 977 387 1061 Aeschyleis
410 999 441 1060 p.
463 978 522 1056 43,
550 977 590 1041 cf.
612 975 728 1042 Philol.
753 978 817 1042 vol.
835 976 945 1042 XXXI
967 1001 998 1062 p.
1021 976 1102 1066 720)

87 1085 218 1169 scripsit
235 1083 497 1149 Heimsoethium
516 1084 599 1147 nihil
619 1083 869 1169 demonstrasse,
891 1085 955 1150 nisi
975 1085 1102 1152 scholia

86 1192 117 1256 A
137 1214 204 1256 non
223 1213 240 1255 e
258 1191 403 1256 Mediceo
423 1192 570 1274 profecta
589 1212 668 1270 esse,
688 1191 743 1255 sed
764 1192 811 1256 sic
829 1213 897 1256 rem
917 1215 951 1256 se
971 1193 1103 1277 habere,

87 1303 124 1364 ut
153 1299 278 1364 scholia
301 1298 332 1362 A
357 1305 389 1362 et
411 1297 446 1361 M
474 1319 512 1362 ex
541 1299 653 1362 eodem
681 1298 858 1383 archetypo
887 1300 1101 1366 manaverint.

86 1406 195 1490 Atque
222 1405 359 1471 Medicei
386 1404 515 1489 quidem
544 1405 712 1469 librarium
746 1407 875 1490 saepius
904 1405 1101 1472 scholiorum

89 1512 236 1578 ordinem
268 1512 451 1577 confudisse
488 1534 593 1597 neque
633 1533 697 1595 quo
735 1513 863 1596 singula
900 1513 1103 1595 pertinerent

86 1621 293 1686 intellexisse.
351 1618 423 1696 Quo
460 1620 567 1684 minus
605 1624 714 1683 autem
752 1618 865 1684 doctus
897 1619 1027 1706 fuisset,
1064 1642 1102 1686 eo

87 1729 195 1793 minus
227 1749 300 1792 cum
333 1727 431 1791 verba
464 1727 720 1801 commutavisse.
772 1724 895 1791 Contra
927 1729 982 1811 qui
1015 1749 1103 1793 oom-

88 1836 283 1901 mentarium
306 1832 336 1897 A
360 1833 618 1918 conscripsisset,
641 1856 714 1898 eum
737 1833 870 1897 liberius
894 1833 984 1899 fonte
1007 1856 1102 1899 usum

87 1964 173 2007 nunc
196 1939 355 2025 quaedam
379 1940 536 2023 omisisse,
559 1962 646 2005 nunc
670 1939 832 2004 addidisse
856 1945 889 2005 et
909 1962 992 2025 quae
1012 1963 1103 2024 sepa·

87 2049 185 2113 ratim
201 2047 358 2111 adnotata
371 2046 550 2109 invenisset
563 2045 598 2109 in
612 2046 760 2111 ordinem
779 2048 994 2113 coniunxisse.
1015 2047 1103 2112 Eun-

87 2156 174 2237 dem,
208 2175 281 2218 cum
309 2151 468 2215 nonnulla
501 2151 618 2216 melius
656 2173 753 2235 quarn
785 2152 922 2219 Medicei
950 2154 1102 2218 librarius

39 2247 41 2250 Α
87 2262 231 2347 legisset,
250 2259 339 2344 prius
359 2258 626 2324 commentarium
641 2261 862 2343 composuisse
876 2261 985 2344 videri,
1004 2283 1103 2346 quam

40 2416 42 2420 -
89 2367 215 2432 scholia
236 2365 272 2432 M
296 2366 417 2450 scripta
444 2370 560 2431 essent.
606 2365 755 2451 Denique
780 2367 983 2433 Wecklinius
1006 2372 1103 2452 putat

87 2476 213 2540 fontem
231 2496 435 2540 communem
449 2471 534 2538 haud
550 2473 653 2538 multo
668 2474 763 2558 plura
777 2475 985 2558 continuisse,
1004 2492 1102 2559 quam

88 2605 170 2667 quae
195 2583 382 2647 etiamnunc
404 2581 438 2645 in
461 2580 497 2646 M
520 2583 642 2648 extant.
683 2580 754 2645 Hoc
778 2585 887 2647 autem
909 2582 983 2647 inde
1008 2583 1103 2666 effici,

88 2690 175 2774 quod
193 2689 398 2774 paucissima,
416 2709 498 2772 quae
519 2688 598 2752 solis
617 2689 650 2751 in
670 2689 802 2753 scholiis
818 2688 1018 2774 Byzantinis,
1037 2712 1103 2755 non

87 2796 123 2862 in
141 2795 186 2882 M,
208 2796 375 2876 habemus,
394 2795 506 2878 magni
524 2796 682 2859 momenti
701 2795 774 2860 sint.
812 2793 895 2860 (lum
914 2795 1101 2866 Wecklinio

90 2903 253 2970 consentit
272 2902 337 2966 fere
358 2900 441 2966 Guil.
461 2899 683 2986 Seelmannus,
701 2902 765 2967 nisi
784 2903 869 2986 quod
890 2904 1101 2988 archetypum

87 3011 261 3097 largiorem
283 3007 384 3072 fuisse
403 3009 567 3073 existimat
586 3005 678 3096 (diss.
696 3009 716 3072 l.
736 3031 767 3092 p.
782 3006 849 3096 22).
890 3009 971 3076 Cum
990 3009 1103 3074 Heim·

87 3116 216 3182 soethio
240 3116 339 3180 etiam
363 3112 506 3180 Sorofius
529 3115 565 3179 in
589 3116 664 3179 diss.
684 3115 703 3180 l.
722 3118 890 3201 pugnavit,
914 3117 969 3200 qui
989 3138 1102 3201 quam-

89 3247 187 3310 quam
224 3245 289 3288 non
322 3223 408 3286 male
440 3244 508 3286 rem
541 3223 656 3306 gessit,
694 3225 803 3287 tamen
836 3225 875 3287 de
909 3246 967 3287 sua
999 3223 1102 3306 ipsius

89 3332 261 3412 sententia,
291 3352 354 3416 qua
377 3329 581 3394 Dindorfinm
610 3333 739 3394 secutus
768 3334 830 3415 est,
863 3335 951 3397 certe
979 3330 1104 3395 nemini

88 3438 303 3516 persuadebit.
367 3435 513 3523 Denique
554 3435 827 3502 Wilamowitzins
869 3434 918 3525 (in
960 3436 1103 3502 Hermae

87 3545 150 3609 vol.
177 3542 280 3629 XXV,
307 3541 525 3630 p.‘161sqq.)
560 3543 640 3609 item
672 3548 709 3609 ut
744 3543 944 3610 Wecklinius
978 3544 1104 3609 fontem
