2430 3856
122 163 166 228 60
554 165 710 216 SOHOLIA

122 327 204 391 κατὰ
231 326 293 408 τὴν
321 326 463 410 καρδίαν
492 327 620 390 ἔσωθεν
648 327 761 390 κόπτει
789 325 852 408 <ῆ>
885 321 1025 410 φροντὶς
1052 323 1073 408 ἢ
1102 325 1139 390 τδ

88 504 91 510 ⁴
123 428 179 516 ἐμὲ
212 429 286 496 ἀντὶ
317 441 378 497 τοῦ
410 431 492 516 ἐμοῦ
520 431 581 516 τῆν
609 432 760 514 καρδίαν.
806 434 854 508 είς
880 431 965 516 ὑμᾶς
993 427 1030 496 δὲ
1058 437 1139 497 είπω

123 543 226 624 λόγον
257 539 411 623 οὐδαμῶς
441 539 583 623 ἐμαυτῆς
613 532 697 603 οὐσα
725 540 798 621 ῆτοι
828 538 975 616 οὐδόλως
998 536 1140 622 ἐμαυτῆς

122 650 221 733 κυρία
240 647 462 731 τυγχάνουσα,
482 645 544 710 οὐκ
563 646 697 730 ἄφοβος.
733 646 897 730 δονοῦμαι
916 647 979 729 γὰρ
998 643 1140 710 καὶτῶν

83 775 110 815 ιο
123 765 258 840 φρενῶν
282 753 450 837 ἐξίσταμαι
472 760 518 840 τῷ
545 751 674 839 ὀνείρῳ.
720 749 1045 839 vulgoP(Dd.)VH.
1092 752 1140 817 De

124 862 192 928 cod.
212 861 239 926 Ο
258 860 322 926 vid.
341 864 409 926 not.
432 860 471 924 ad
497 859 562 924 soh.
582 883 609 924 v.
630 860 702 924 160.
923 869 932 885 ‘

125 1024 140 1072 6
164 1015 204 1080 είς
227 1016 278 1086 τὴν
302 1019 424 1088 καρδίαν
447 1017 472 1070 V
498 1047 532 1058 ·-
565 1013 582 1084 ἢ
606 1017 638 1071 τὸ
658 1060 663 1073 .
685 1019 833 1084 ,καρδίαν
857 1034 910 1073 om.
933 1017 1019 1086 vulgo
1029 1016 1082 1072 Dd.
1106 1047 1139 1058 -

125 1095 140 1142 7
161 1083 214 1159 ἐρῶ
233 1107 284 1158 pro
304 1091 372 1143 εἴκω
392 1089 478 1159 vulgo
499 1119 533 1129 -
553 1093 569 1142 8
589 1085 652 1143 οὐδ’
670 1087 738 1152 όλως
755 1089 808 1144 Dd.
830 1120 862 1130 —-
883 1095 898 1143 9
918 1089 970 1144 οὐκ
989 1087 1080 1145 om.V

194 1395 256 1459 166
268 1417 315 1478 sq.
361 1393 512 1476 δέδοικα,
540 1396 638 1477 φησί,
668 1397 712 1478 μῆ
739 1416 809 1471 πως
833 1394 850 1459 ὁ
874 1391 975 1479 μέγας
997 1398 1142 1472 πλοῦτος

124 1498 179 1564 καλ
202 1500 222 1583 ἡ
246 1500 458 1585 εὐδαιμονία,
487 1503 624 1577 κονίσας
652 1498 707 1565 καὶ
732 1498 902 1578 κονισδελς
924 1498 979 1566 καὶ
1002 1500 1142 1586 βληθεὶς

125 1605 162 1672 έν
184 1617 229 1694 τῷ
253 1605 332 1673 ποδὶ
355 1606 411 1673 καὶ
434 1605 544 1693 ῥιφελς
567 1605 622 1672 καλ
646 1606 838 1685 λακτισθεὶς
865 1610 912 1685 είς
935 1601 1038 1685 οὖδας
1061 1607 1141 1673 ολνα-

124 1713 227 1801 τρέψῃ
255 1717 314 1781 τὸν
342 1717 456 1798 ὄλβον,
487 1714 526 1780 ὃν
546 1716 564 1781 ὁ
587 1721 731 1799 Δαρεῖος
755 1709 845 1800 ἦρεν,
873 1717 948 1798 ῆτοι
972 1715 1010 1778 τὸ
1034 1713 1140 1800 κλέος,

98 1822 143 1887 τό
172 1824 289 1905 ἔλαβεν
318 1822 335 1887 δ
363 1826 508 1908 Δαρεῖος
535 1820 589 1887 καλ
618 1824 665 1899 είς
692 1820 775 1906 μέγα
803 1822 938 1900 ὕψωσεν
967 1820 1008 1886 οὐ
1039 1825 1142 1908 χωρίς

125 1929 260 2013 <τινος>
286 1938 354 1993 τῶν
382 1935 483 1996 θεῶν.
528 1927 811 2016 vulgoP(Dd.)V.
857 1928 906 1993 De
933 1930 1001 1994 eod.
1026 1928 1052 1993 Ο
1077 1931 1142 1995 vid.

124 2040 190 2101 not.
211 2035 251 2100 ad
270 2035 336 2100 sch.
355 2058 383 2100 v.
405 2037 477 2100 160.

97 2206 101 2213 ·
197 2172 277 2228 2καλ
290 2173 308 2243 ῆ
323 2175 491 2243 εὐδαιμονία
506 2175 592 2228 om.P
611 2206 644 2215 —
664 2176 796 2238 κονίοοας
810 2171 923 2245 ἢτολςο
943 2206 977 2216 -
995 2169 1095 2244 4ῆρεν
1106 2175 1141 2245 V,

128 2242 200 2300 εἷλεν
219 2244 315 2314 vulgo,
333 2247 366 2299 ut
384 2244 448 2300 Ald.
467 2244 497 2298 in
516 2245 630 2300 fabulae
649 2247 729 2300 textu

195 2426 257 2492 168
269 2448 338 2510 sqq.
384 2426 487 2492 τοῦτοί
518 2450 587 2511 μοις
626 2428 681 2491 διὰ
713 2434 815 2491 ταῦτα
849 2428 947 2510 διπλῆ
981 2426 1054 2491 ἐστί
1082 2452 1141 2511 μοι

125 2532 268 2619 μέριμνα
287 2534 429 2610 ἄλεκτος.
467 2533 487 2616 ἡ
508 2532 544 2598 δὲ
563 2534 688 2598 τοιοίδε·
715 2535 795 2617 μῆτε
814 2533 991 2617 χρημάτων
1009 2540 1141 2618 πλῆθος

126 2643 163 2706 ὲν
199 2648 276 2724 τιμῆ
314 2638 425 2722 σέβειν
463 2639 641 2723 ἀνάνδρων
678 2641 752 2723 ῆτοι
790 2638 924 2724 ἀνδρῶν
958 2638 1061 2704 έκείσε
1094 2643 1139 2725 μῆ

125 2749 301 2831 παρόντων
334 2749 414 2830 μῆτε
443 2756 513 2822 τοῖς
544 2745 744 2830 ὐχρημοίτοις
774 2746 938 2828 ολνδροίσιν
967 2748 1040 2830 ῆτοι
1069 2759 1140 2824 τοῖς

99 2853 245 2937 τπένῆσι
275 2851 416 2936 λάμπειν
446 2863 517 2936 φῶς
545 2851 711 2936 εὐτυχίας,
745 2852 826 2918 ὅσον
855 2850 924 2917 έστλ
952 2851 1089 2936 σθένος,
1122 2854 1141 2919 ό

126 2958 229 3024 ἐστιν·
254 2958 294 3023 οὐ
317 2958 424 3042 πόσης
447 2957 654 3022 ἀπολαύουσι
677 2967 734 3042 τῆς
756 2967 817 3024 τοῦ
837 2960 946 3043 φωτὸς
964 2958 1089 3043 ῆδονῆς
1108 2961 1144 3025 οί

125 3064 270 3150 πένητες.
317 3062 430 3151 έτέρου
458 3066 521 3148 γὰρ
551 3068 722 3141 λείποντος
749 3067 787 3130 τὸ
815 3074 872 3149 τῆς
898 3065 1142 3150 εὐδοκιμῆσεως

197 3213 212 3259 1
232 3205 346 3260 Initium
365 3205 405 3259 sic
424 3205 508 3274 vulgo
529 3206 559 3258 οὐ
577 3222 622 3274 ορ.
634 3204 700 3260 Dd.:
733 3204 823 3259 ταῦτα
845 3225 893 3276 μοι
918 3207 1002 3274 διπλῆ
1029 3203 1137 3275 μέριμν’

125 3277 281 3349 ἄφραστος]
300 3276 363 3344 ἤτοι
381 3276 496 3339 όίλεκτος
528 3307 560 3316 -
593 3282 608 3329 2
632 3275 650 3344 ἡ
675 3273 706 3330 δὲ
726 3275 845 3330 αἰτίαν
877 3308 909 3317 -
942 3276 1010 3346 μήτε
1029 3280 1141 3344 πλῆθος

125 3348 274 3420 χρημάτων
294 3346 386 3422 σέβειν
405 3348 518 3417 ἀνδρῶν
536 3346 599 3415 ἤτοι
618 3347 731 3416 ἀνδρῶν
751 3349 775 3400 V
803 3379 836 3388 -
869 3356 884 3403 3
905 3343 935 3402 έν
954 3354 1019 3418 τιμῆ
1040 3364 1093 3401 om.
1115 3349 1140 3402 H

124 3421 210 3491 vulgo
234 3451 268 3461 -
292 3428 309 3475 4
328 3418 449 3488 ἀνδράσι
469 3421 486 3472 δ
506 3416 598 3474 λονότι
612 3418 790 3486 vulgoDd.H
816 3450 851 3460 —
880 3426 895 3473 ό
915 3417 1029 3489 εὐτυχὲς
1047 3416 1062 3472 ὅ
1082 3414 1140 3474 ἔστι

121 3493 206 3558 vulgo
234 3522 269 3532 —
296 3489 403 3555 σθένος
421 3439 565 3547 τουτέστιν
583 3489 728 3560 vulgoDd.
752 3523 785 3530 —
815 3490 1042 3545 όάπολαύνουσι
1061 3490 1086 3542 Η
1106 3521 1140 3530 -

103 3555 288 3630 7ε9ιατερων
303 3562 361 3635 γολρ
380 3563 542 3622 λειπόντων
564 3564 622 3622 VH
644 3595 677 3604 -
