2430 3856
460 177 499 228 IN
517 176 550 227 V.
571 179 722 230 ονε-σεο.
1035 175 1101 240 255

617 339 734 422 λάμοις
757 339 891 420 κρούων
912 332 1037 404 Ἰαστί’.
1057 377 1100 386 -

616 445 661 523 ὡς
719 455 788 510 τῶν
843 447 1099 529 Μαριανδυνῶν

616 554 807 639 θρηνῳδίαν
862 553 983 617 ὄντων·
1043 549 1098 617 καὶ

616 657 713 724 αὐλοὶ
751 657 790 725 δέ
824 683 912 735 τινες
944 657 1099 742 λέγονται

615 763 856 853 Μαριανδυνοὶ
908 765 1099 850 ἐπιτηδείως

79 872 144 938 943
176 870 317 957 πέμπετε
346 871 484 937 VBGL.
517 912 561 921 —
616 876 747 958 ἔχοντες
769 874 852 960 πρὸς
875 875 1034 959 θρήνους.
1054 911 1098 924 -

78 980 146 1043 944
190 977 335 1064 *φωνήν
374 977 480 1046 VBL.
520 1018 557 1026 —
616 983 681 1047 944
722 980 743 1065 ή
780 981 862 1066 τύχη
899 979 1099 1065 μεταβέβλη-

78 1087 144 1151 945
167 1084 320 1170 *ἐγένετο
339 1087 379 1152 V.
402 1125 440 1135 -
615 1113 676 1153 ται.
703 1124 741 1134 -

78 1193 142 1257 947
162 1195 202 1258 τά
221 1204 288 1258 τῶν
307 1200 398 1260 λαῶν
412 1194 504 1278 πάθή
518 1194 559 1260 Η.
614 1196 679 1260 947
713 1196 753 1260 τά
784 1195 878 1279 πάθή
910 1206 979 1260 τῶν
1007 1200 1098 1260 λαῶν

78 1298 115 1364 έν
138 1311 208 1379 τοῖς
230 1302 352 1368 πάθεστ
378 1312 445 1366 τῶν
468 1307 560 1366 λαῶν
615 1302 734 1387 σέβωυ.
751 1339 794 1348 -

76 1411 236 1492 γινόμενα
265 1407 303 1473 G.
336 1445 378 1456 —
412 1410 560 1492 σεβάζων

76 1513 116 1578 V.
142 1552 180 1562 -
208 1515 272 1580 948
296 1513 351 1580 καὶ
376 1514 412 1580 έν
434 1524 474 1600 τή
497 1522 560 1580 θα·
615 1517 680 1582 948
713 1517 752 1582 τά
790 1515 827 1581 έν
863 1524 902 1599 τῇ
940 1516 1095 1602 θαλάσσῃ

76 1621 182 1706 λάσσῃ
201 1624 389 1705 τυπτόμενα
400 1621 440 1687 V.
463 1622 503 1686 τά
519 1631 558 1706 πή
614 1623 787 1707 συμβάντα
816 1622 1005 1708 ἀτυχήματα
1028 1634 1097 1688 τῶν

75 1728 230 1814 θαλάσσῃ
253 1727 427 1812 τυφθέντα
445 1728 486 1794 Η.
518 1730 559 1793 τά
612 1735 767 1795 πολιτῶν.
787 1767 829 1775 -

77 1832 557 1922 fflwfflhfflwmw

75 1945 236 2027 γινόμενα
251 1941 356 2008 BGL.
376 1980 417 1989 -
438 1944 559 2008 δυστυ-

74 2052 203 2134 χήματα
214 2047 345 2136 HBGL‚
360 2053 394 2116 et
407 2051 442 2114 in
456 2072 559 2135 marg.

74 2156 121 2221 H:
158 2155 247 2240 λέγει
281 2154 317 2222 δέ
350 2159 390 2223 τά
423 2157 557 2242 σώματα

72 2275 141 2328 τῶν
156 2269 307 2349 Περσῶν.
323 2301 365 2311 -
381 2267 447 2331 949
465 2263 558 2330 *ἕνε-

72 2395 131 2437 κεν
152 2371 189 2436 V.
212 2409 250 2418 —
271 2370 404 2454 γέννας]
425 2371 558 2459 καὶτῆς

73 2479 280 2563 ἀνατροφῆς,
328 2479 456 2562 δηλαδή
499 2489 558 2563 τής

71 2589 200 2662 πόλεως
209 2585 251 2649 Η.
267 2622 308 2631 -
323 2583 379 2650 καὶ
393 2595 450 2670 τής
465 2585 557 2663 ἀξίας

70 2692 221 2770 πένθους
245 2693 286 2756 Η.
312 2729 351 2739 -
611 2690 675 2755 949
690 2690 839 2766 πένθους
853 2689 945 2769 ἀξίας
955 2686 1092 2777 (gl.)-

72 2802 138 2868 952
185 2800 338 2885 ἀφείλετο
384 2799 446 2882 τήν
487 2809 555 2864 τῶν
611 2797 675 2862 952
722 2795 739 2861 ὁ
786 2790 929 2874 Ἀττικὸς
975 2799 1093 2874 στόλος

71 2913 215 2994 Περσῶν
230 2909 408 2993 σωτηρίαν,
421 2906 554 2992 [ἐφεῦρε
609 2903 763 2987 ἀφείλετο
783 2905 845 2988 τήν
865 2909 1009 2988 Περσῶν
1028 2921 1089 2968 σω-

70 3012 381 3102 τήνσωτήρίαν]Η.
400 3012 553 3098 ἀφείλετο
608 3013 735 3096 τηρίαν.
778 3049 820 3056 -
862 3011 927 3077 953
969 3010 987 3075 ὁ
1024 3021 1092 3074 τῶν

72 3122 156 3208 ἡμᾶς
178 3121 281 3187 BGL.
305 3119 384 3186 *καὶ
408 3120 553 3186 ἀπόλαυ·
605 3116 739 3184 Ἰώνων.
772 3154 813 3164 -
847 3117 913 3182 954
940 3115 1091 3182 τουτέστι

71 3246 126 3294 σιν
173 3229 276 3294 έάωκε
325 3237 393 3290 τῶν
443 3238 553 3291 κακῶν
608 3229 856 3312 νικηφόρος.-

70 3337 177 3419 ήγουν
198 3335 364 3419 ἐβοήθησε
379 3345 450 3410 τοῖς
459 3331 553 3397 Ἴωσι

69 3439 109 3507 V.
125 3480 166 3489 —
188 3442 253 3508 955
271 3441 446 3524 σκοτεινήν
456 3439 495 3506 V.
512 3477 552 3487 -
608 3440 674 3505 955
718 3437 897 3521 ἀποκείρας
942 3437 1097 3514 §mm
