2430 3856
545 167 702 220 SOHOLIA

369 990 534 1063 soflohlA
561 991 783 1062 BYZANTINA
812 988 879 1087 (A).

149 1142 222 1209 (Nisi
241 1140 320 1197 aliud
340 1141 484 1216 adnotavi,
504 1142 613 1198 scholia
631 1143 727 1214 vulgo,
746 1143 822 1215 apud
840 1143 903 1214 Dd„
922 1144 952 1197 in
969 1145 995 1199 V
1015 1146 1044 1198 ελ
1063 1145 1097 1213 Η,

424 1230 560 1286 lemmata
577 1231 608 1286 in
625 1231 652 1286 Η
670 1231 822 1303 leguntur.)

181 1400 210 1440 v.
232 1380 328 1463 lsqq.
373 1376 451 1442 τάδε
470 1373 545 1460 μὲνε
568 1386 667 1443 τοῦτο
688 1377 866 1461 δεικτικῶς,
887 1370 960 1444 οἷόν
978 1380 1066 1463 φησί
1080 1401 1132 1457 τις

114 1484 197 1569 πρὸς
221 1480 352 1568 ἑαυτόν,
376 1483 427 1548 ὅτι
449 1483 529 1548 τάδε
552 1481 728 1548 καὶταῦτα
746 1484 846 1549 πιστὰ
865 1482 920 1549 καὶ
938 1485 1131 1568 πιστώματα

114 1595 261 1656 καλεῖται
289 1600 355 1655 τῶν
379 1594 522 1677 Περσῶν
547 1600 616 1656 τῶν
643 1589 881 1678 πορευθέντων
905 1593 952 1668 είς
980 1591 1041 1675 τὴν
1060 1589 1132 1657 Ἑλ-

115 1697 200 1762 λοίὸα
222 1706 287 1782 γῆν
310 1693 400 1785 (ἀντὶ
423 1706 484 1763 τοῦ
506 1696 601 1782 ἡμεῖς
618 1695 730 1764 πιστοὶ
752 1698 1045 1783 χρηματοφύλακες
1063 1710 1131 1764 τῶν

88 1809 258 1889 τΠερσῶν
290 1801 513 1893 καλούμεθα)·
546 1802 602 1869 καί
631 1801 730 1890 ἐσμὲν
759 1803 896 1870 ἐπόπται
928 1815 996 1870 τῶν
1029 1811 1131 1872 οίκοιν

115 1911 235 1993 αὐτῶν,
265 1910 420 1988 οὕστινας
448 1908 563 1998 (ἡμᾶς)
592 1911 691 1988 αὐτὸς
718 1911 737 1976 ὁ
765 1908 888 1995 Ξέρξης
917 1911 935 1976 ὁ
964 1913 1139 1996 βασιλεύς,1

115 2017 133 2082 ὁ
156 2025 216 2082 τοῦ
235 2020 385 2098 Δαρείου
408 2017 491 2099 υἱός,
516 2017 561 2093 ὡς
582 2017 769 2102 πρεσβύτας
787 2015 842 2082 καὶ
862 2016 1014 2102 ἐντίμους
1033 2019 1132 2096 ὄντας

115 2122 228 2207 (τοῦτο
256 2123 320 2207 γὰρ
349 2123 448 2206 δηλοῖ
474 2124 512 2187 τὸ
541 2123 623 2187 κατὰ
645 2121 840 2208 πρεσβείαν)
864 2122 1039 2207 προέκρινε
1063 2136 1131 2191 τῶν

114 2229 226 2294 ἄλλων
255 2227 441 2313 ἐφορεύειν,
468 2230 543 2312 ἤτοι
571 2230 685 2313 όίρχειν
713 2226 768 2293 καὶ
798 2227 939 2306 ἐπόπτας
966 2226 1131 2296 εἶναικαὶ

75 2359 101 2399 10
115 2333 310 2428 ἐπιτηρητὰς
336 2343 393 2418 τῆς
419 2336 528 2421 χώρας
551 2335 665 2400 αὐτοῦ.
710 2337 748 2400 τὸ
773 2332 810 2400 δὲ
833 2337 932 2401 πιστοί
955 2336 1043 2414 τινές
1067 2362 1131 2422 φα-

52 2450 55 2456 ‘
116 2460 181 2525 σιν,
209 2443 245 2508 οί
269 2441 535 2519 ὑποπτεύσαντες
562 2445 641 2520 τοὺς
669 2443 750 2508 κατὰ
777 2443 837 2508 τὸν
864 2444 967 2530 χορὸν
993 2442 1131 2522 ἑαυτοὺς

115 2547 225 2632 λέγειν
256 2550 448 2634 πιστώματα
480 2554 633 2635 Περσῶν.
688 2548 850 2633 ἀγνοοῦσι
884 2547 922 2615 δὲ
954 2551 1005 2615 ὅτι
1036 2553 1131 2628 πόλις

117 2654 186 2721 ἐστὶ
200 2661 344 2742 Περσῶν
358 2653 736 2743 Πίστειραζκαλουμένη,
751 2656 794 2739 ἣν
814 2658 983 2739 συγκόψας
1003 2656 1020 2721 ὁ
1039 2680 1130 2740 ποιη-

115 2764 173 2845 τὴς
196 2765 306 2827 Πίστα
329 2765 403 2846 ἔφη.

187 2907 201 2953 1
226 2921 267 2963 τις
291 2900 389 2955 om.V
426 2931 459 2940 -
497 2906 513 2953 2
537 2899 605 2955 τάδε
629 2900 678 2955 κοιλ
695 2900 782 2969 vulgo
802 2916 856 2955 om.
886 2931 919 2939 -
947 2902 1032 2954 πίττα
1051 2899 1076 2953 V
1096 2931 1129 2941 —

115 2977 131 3026 5
150 2969 274 3026 ύπόπται
293 2971 317 3024 V
337 2998 370 3012 ⁶-
390 2978 405 3025 9
425 2970 474 3025 καί
494 2968 618 3034 ἐπόπτας
636 2968 711 3026 εἶναι
726 2988 780 3026 om.
796 2971 821 3024 H
839 3003 875 3012 —
896 2977 928 3024 10
946 2972 1013 3040 post
1029 2971 1130 3026 αύτοῦε

115 3042 152 3114 μὴ
172 3040 347 3113 δυναμένους
365 3046 497 3113 πολεμεῖν
515 3041 699 3112 HvulgoDd.
716 3073 751 3082 -
769 3044 854 3097 πίστα
873 3041 930 3096 VH
944 3073 978 3082 —
995 3049 1026 3096 11
1047 3040 1090 3097 ὅτι
1104 3041 1134 3097 οί

114 3116 149 3183 Η,
169 3112 212 3169 ὅτι
230 3115 296 3169 cett.
316 3145 349 3154 —-
377 3113 450 3168 κατὰ
468 3113 554 3184 χορὸν
573 3113 658 3181 vulgo
679 3143 711 3153 -
733 3119 765 3167 12
785 3114 954 3184 ἀγνοοῦντες
974 3113 1025 3168 Dd.
1046 3131 1079 3169 ex
1099 3114 1130 3182 Ο,

115 3187 250 3258 ἀγνοοῦσι
269 3183 301 3241 δὲ
319 3184 418 3254 vulgo,
437 3185 589 3256 ἀγνοοῦσιν
608 3183 669 3238 sine
688 3181 719 3239 δὲ
739 3186 796 3240 VH
815 3217 849 3227 -
869 3192 902 3240 13
924 3183 1032 3240 ἔσωθεν
1056 3187 1131 3254 quod

117 3261 184 3313 ante
202 3259 338 3328 Πίοτειρα
355 3255 461 3326 legitur
480 3255 572 3312 delevi
590 3259 623 3311 ut
637 3273 672 3311 ex
686 3273 727 3325 tq.
743 3256 851 3312 scholio
866 3256 1011 3313 insertum.
1046 3275 1131 3328 super

115 3332 257 3454 πίστειρμι
284 3328 336 3401 αρ’.
360 3330 473 3384 πίστεια
496 3329 521 3383 Η
542 3360 574 3369 -
596 3334 628 3382 14
647 3327 739 3382 Πιστὰ
761 3327 823 3400 Βύο,
853 3330 951 3398 στίφος
970 3329 1032 3399 (sie)
1051 3328 1078 3382 H
1098 3362 1130 3370 -

114 3405 275 3524 καλελενύν
303 3470 336 3526 τό
363 3468 397 3527 δὲ
423 3470 535 3530 πιοτίι.
560 3513 568 3528 .
590 3471 683 3526 Πίττα
711 3467 765 3541 ἔφη
794 3489 848 3527 om.
871 3471 903 3538 P,
931 3471 979 3542 qui
1003 3475 1069 3542 post
1092 3472 1129 3544 μὴ

84 3534 274 3603 ffmstf'ss‘wb·
290 3545 433 3614 πολεμεῖν
451 3542 766 3618 (videnot.adl.10)
784 3543 879 3600 σιὰόύα
898 3543 995 3608 ἄλλος*
1018 3543 1046 3598 οἱ
1064 3546 1135 3598 ἀπο-
