2430 3856
476 176 516 229 IN
534 177 567 231 V.
586 181 736 231 320-325.
1051 174 1116 240 109

93 335 276 402 VHBGL.
301 376 343 384 -
379 341 580 422 τιολνκληθη
636 348 765 424 πυρρᾶς
787 339 972 422 γενειάδος·
1001 336 1056 405 καὶ
1078 341 1116 405 τὸ

95 445 138 510 V.
185 445 273 528 άγαν
307 446 508 527 πλήθουσαν
539 444 582 512 H.
637 445 723 530 ἑξῆς·
752 448 885 530 ἔτεγγεν
913 443 1045 534 (τέγγεν
1068 443 1117 533 m)

94 552 227 635 πολλὴν
242 549 313 616 BG.
337 553 485 635 μεγάλην
502 556 582 617 πολ·
636 562 762 638 χρῶτα,
790 555 904 638 ἔβοεχε
926 561 972 642 τῷ
996 553 1117 638 αἵματι.

95 659 162 741 λην
201 657 321 743 (πολλὰ
357 655 441 745 cod.)
474 657 509 722 L.
538 695 581 706 -
637 697 680 706 —-
717 661 920 747 δασύτριχον
956 658 1037 747 (gl.).
1074 697 1118 706 -

95 757 166 830 320
186 767 321 850 ἕβμεχεν
334 763 446 830 VHB.
469 767 582 851 ἔβοεχε
637 767 700 832 321
717 767 838 850 Μάγος
856 767 1006 850 ἑθνικόν,
1020 764 1118 851 ’Ἁρα-

96 871 170 937 GL.
194 909 236 917 -
260 871 437 937 άλλάσσων
459 871 499 936 V.
530 872 582 937 ἐν·
637 877 696 958 βος
719 874 846 958 κύριον.
862 913 901 922 -

95 978 322 1064 αλ<λ>άοσων
345 979 382 1043 G.
428 977 583 1044 ἐναλλάτ-

95 1109 169 1150 των
194 1086 263 1151 BL.
310 1087 584 1169 ὃιαλλοιούμενος

95 1191 141 1257 Η.
168 1216 205 1238 ’-
236 1195 359 1277 χρῶτα]
388 1194 459 1276 τὸν,
488 1215 584 1278 super

97 1300 190 1385 quod
209 1301 246 1364 τὸ
266 1310 359 1384 σῶμα
368 1298 409 1364 V.
433 1309 527 1384 σῶμα
541 1297 583 1364 Η.

97 1443 144 1454 -
169 1404 224 1471 καὶ
248 1407 304 1471 διά
327 1409 437 1491 βαφῆς
455 1428 584 1492 πορφυ-

97 1521 163 1599 ρᾶς
181 1513 220 1578 V.
244 1514 410 1600 αἰματηρᾷ
428 1513 470 1578 Η.
492 1551 529 1561 -

99 1621 168 1685 322
197 1619 260 1685 άτιὸ
283 1620 325 1685 Η.
355 1658 393 1668 -
428 1618 484 1684 καὶ
511 1645 585 1705 τμα-
640 1621 706 1686 322
726 1619 744 1684 ὁ
764 1619 833 1685 ἐκεῖ
848 1619 1007 1684 ἀπελθὼν
1027 1619 1120 1704 (ἀνιο-

98 1726 284 1811 χείαςν.-
293 1727 585 1812 πετρώδονςΒθιΙι.
640 1727 759 1792 θανὼν
772 1724 921 1812 Kirchh.)
936 1728 1122 1810 μετοικησει

99 1872 147 1881 -
171 1833 360 1917 ἐγκάτοικος
373 1833 415 1899 Η.
439 1834 586 1917 γεγονὼς
639 1835 701 1918 την
729 1837 908 1918 Σαλαμῖνα
933 1834 994 1916 τὴν
1023 1838 1122 1918 σκλη-

101 1941 262 2024 ὃηλονότι
283 1941 324 2006 V.
357 1979 399 1988 —
438 1941 518 2023 ἐκεῖ]
548 1940 586 2007 ἐν
641 1941 705 2026 μάν
737 1937 793 2005 καὶ
824 1941 985 2025 πετρώδη.
1012 1978 1056 1987 -
1084 1940 1121 2007 ἐν

99 2057 142 2132 τῇ
159 2048 386 2135 σκλημᾷγην.
400 2086 438 2094 -
452 2048 585 2134 ἐφθάρη
642 2051 810 2130 Σαλαμῖνι
834 2049 1044 2132 μετοικήσας,
1069 2047 1122 2113 εὐ-

100 2152 246 2219 VHBL.
293 2157 443 2239 ἔφθαμτο
473 2153 511 2220 G.
542 2192 584 2202 -
640 2157 772 2239 φήμως·
795 2152 872 2240 παρ’
896 2155 978 2221 ὅσον
998 2154 1123 2220 άνντιό-

99 2262 170 2328 323
192 2261 371 2346 κοντάμιον
385 2263 425 2326 V.
453 2301 488 2310 —
643 2278 789 2348 οτροφος
802 2262 892 2350 αὐτῷ
906 2261 927 2345 ἡ
942 2263 989 2338 εἰς
998 2262 1124 2346 ταύτην

641 2369 765 2452 ἔφοδος
788 2367 824 2454 (ἡ
844 2367 880 2433 ἐκ
897 2368 1019 2452 ταύτης
1040 2369 1123 2453 άφο-

641 2477 700 2551 δος
723 2475 769 2559 m)
793 2473 940 2558 γέγονεν.
964 2511 1000 2520 -

104 2902 175 2967 324
197 2912 301 2966 κινῶν
325 2901 361 2966 G.
407 2899 464 2966 καὶ
485 2911 589 2966 κινῶν

104 3007 145 3073 V.
164 3045 201 3056 -
222 3007 377 3094 ἀνδρεῖος
387 3009 427 3074 V.
441 3047 484 3056 -
500 3009 589 3090 Σάρ-

104 3117 215 3196 δεσιν]
243 3113 310 3180 τισὶ
334 3112 415 3202 (τίσι
443 3116 527 3200 cod.)
547 3115 589 3180 H.

102 3258 151 3268 —
172 3221 238 3286 325
255 3221 396 3304 πένθος]
412 3221 444 3287 τὶ
457 3222 498 3287 Η.
520 3239 591 3286 στε-

104 3329 245 3412 ναγμὸν.
262 3328 301 3394 V.
328 3365 366 3376 —
397 3329 591 3415 παρασχὼν]

104 3434 125 3500 ὁ
159 3434 207 3500 H.
237 3472 276 3482 -
309 3433 363 3518 θ’]
398 3434 455 3502 καὶ
478 3435 517 3501 V.
551 3452 593 3483 —‘

105 3541 242 3625 ἐφθάρη
264 3543 422 3626 δηλονότι
443 3543 481 3612 V.
516 3569 595 3613 κατ-
