2430 3856
115 185 179 250 136
545 189 702 241 εοΗοιιΑ

114 353 192 434 μαζε
220 347 274 414 καὶ
303 348 496 433 ἐπιτηδείως
516 344 576 433 ἦγε
599 351 636 413 τὸ
662 350 758 435 όόρυ·
786 350 847 432 την
871 359 957 414 ναῦν
981 345 1018 414 δὲ
1042 348 1133 434 λέγει

116 458 209 542 δόρυ.

115 619 130 667 7
151 609 299 683 έπιτηὸίως
313 613 339 666 Η
360 645 392 654 -
413 610 469 683 εἶχε
482 613 508 666 Η
526 645 562 654 -
583 613 634 682 τὴν
652 622 768 669 ναῦν..
786 611 855 685 δόρυ
874 630 928 668 om.
946 613 980 679 H,
1003 611 1055 682 τὴν
1078 613 1133 685 γὰρ

114 693 187 741 ναῦν
206 683 280 755 λέγει
298 683 367 756 δόρυ
382 684 525 754 vu1g0Dd.

106 911 108 916 ¹
180 884 246 949 415
258 907 327 968 sqq.
352 884 391 947 ιά
413 893 526 968 πρῶτα
550 879 626 968 μὲντ
649 884 731 974 κατά
753 885 815 968 τὴν
839 883 944 969 ἀρχὴν
965 881 1026 967 μέν
1046 901 1130 967 φησι

113 991 150 1054 τὸ
182 994 369 1074 συνκίνημα
398 998 459 1055 τοῦ
490 995 661 1075 Περσικοῦ
692 1000 834 1072 στρατοῦ
865 990 1047 1056 ἀνθίστατο
1076 988 1133 1055 καὶ

115 1096 313 1181 ἀντεμάχετο
342 1108 411 1174 τοῖς
435 1094 638 1182 Ἀθηναίοις.
685 1094 754 1162 ἐπεὶ
778 1094 814 1162 δὲ
839 1097 875 1162 έν
900 1103 1004 1184 στενῷ
1029 1112 1132 1180 συνη-

113 1205 263 1289 θροίσθη
292 1204 330 1269 τὸ
358 1208 489 1287 πλῆθος
516 1214 583 1268 τῶν
606 1213 693 1268 νεῶν
717 1201 853 1290 (μεταξὺ
878 1199 915 1268 δέ
939 1207 1134 1286 Σαλαμῖνος

86 1307 333 1394 τκαὶἈίγόνης
361 1305 404 1394 ἦν
431 1311 468 1375 τὸ
497 1308 630 1394 στενόν)
659 1307 714 1374 καὶ
740 1309 892 1393 οὐδαμοῦ
915 1334 965 1386 τις
988 1311 1133 1393 βοήθεια

114 1416 270 1500 ἀλλήλοις
305 1425 416 1501 παρῆν
450 1453 492 1462 -
526 1415 567 1480 οὐ
597 1416 668 1501 1νάρ
700 1415 847 1498 ἠδύνατο
885 1415 996 1498 έτερος
1031 1413 1133 1502 ἑτέρῳ

114 1533 327 1608 συμμαχῆσαι
357 1524 413 1588 διά
439 1524 501 1606 την
529 1526 708 1606 στενότητα
735 1533 795 1588 τοῦ
824 1525 928 1588 τόπου
961 1559 1004 1569 -
1037 1521 1133 1587 αὐτοὶ

115 1628 163 1712 δέ,
183 1632 219 1695 ολ
239 1628 379 1716 Πέρσαι,
402 1627 460 1714 ὑφ’
486 1629 597 1695 αὑτῶν
618 1628 797 1694 ἐτύπτοντο
817 1639 889 1705 ταῖς
908 1629 1133 1713 συγκρούσεσι

114 1735 169 1801 καὶ
183 1735 406 1823 προσαράξεσι
419 1747 487 1801 τῶν
501 1747 607 1819 νηῶν·
627 1735 854 1801 συνέῦλαττον
869 1736 976 1800 πάυτα
995 1738 1132 1821 κατήρη

74 1867 100 1906 10
115 1846 245 1910 στόλον.
291 1845 326 1909 ολ
343 1841 501 1926 Ἕλληνες
530 1839 566 1908 δὲ
595 1843 656 1908 οὐκ
685 1841 837 1926 ἀβούλως
864 1840 919 1907 καὶ
946 1841 1132 1919 ἀόιόάκτως

113 1951 289 2016 κόκλωθεν
312 1952 453 2015 ἔτυπτον
475 1952 554 2026 τοὺς
578 1947 719 2034 Πέρσας.
763 1953 900 2014 ἔπιπτον
924 1946 961 2012 δὲ
985 1948 1022 2013 αἱ
1042 1957 1132 2032 νῆες.

113 2057 268 2122 ῦάλασσα
296 2055 334 2121 δέ
362 2056 424 2122 οὐκ
452 2057 499 2120 έτι
528 2051 570 2139 ἦν
599 2056 682 2121 ὥστε
712 2057 797 2121 ἀλεῖν
826 2055 941 2139 αὐτήν,
970 2057 1044 2138 ἤτοι
1069 2055 1132 2120 οὐκ

114 2163 268 2246 ἐφαίνετο
287 2162 308 2245 η
327 2163 482 2229 θάλασσα
501 2161 648 2246 νέμουσα
667 2172 735 2228 τῶν
753 2173 892 2246 νεκρῶν.
930 2163 965 2228 σι’
982 2160 1129 2246 αἰγιαλοὶ

115 2267 152 2334 δὲ
179 2266 234 2334 καὶ
263 2269 300 2333 αλ
329 2268 455 2352 ὕφαλοι
482 2267 537 2334 καλ
564 2270 747 2334 θαλάσσιαι
775 2267 891 2353 πέτραι
920 2271 1040 2353 ένεμον
1063 2280 1132 2333 τῶν

75 2398 101 2438 ιτ
115 2376 308 2460 πτωμάτων.
340 2385 429 2441 πᾶσα
454 2373 491 2441 δέ
513 2385 597 2453 ναῦς
619 2376 768 2461 Περσικὴ
791 2373 948 2461 ἠρέσσετο
972 2373 1028 2440 καὶ
1052 2373 1131 2439 ε’κω-

113 2488 287 2567 πηλατεῖτο
325 2481 362 2548 έν
399 2493 489 2568 φυγῇ
527 2482 679 2567 ἀκόσμως
711 2479 766 2547 καὶ
800 2481 953 2558 ἀτάκτως.
1001 2482 1036 2546 ολ
1065 2482 1130 2566 ηάρ

114 2590 297 2675 φεύγοντες
320 2589 382 2654 οὐκ
405 2590 568 2666 εὐτάκτως
591 2590 799 2675 πορεύονται.

187 2754 201 2800 1
226 2746 275 2800 καὶ
299 2745 372 2800 κατὰ
396 2747 421 2800 Η
445 2777 477 2787 -
502 2744 554 2817 μὲν
576 2750 643 2800 ante
662 2747 733 2816 φησι
753 2745 848 2801 om.H
872 2776 906 2785 -
930 2753 945 2799 3
966 2743 998 2800 δὲ
1018 2741 1079 2800 ἐπεὶ
1099 2740 1131 2800 έν

114 2818 141 2871 Η
161 2850 194 2858 -
214 2826 230 2871 4
249 2825 327 2886 νηῶν
346 2817 396 2871 Dd.
413 2849 446 2858 -
466 2825 482 2872 5
503 2819 632 2887 οὐδαμῶς
650 2819 675 2870 Η
696 2849 729 2858 -
750 2824 764 2872 ἵ
790 2819 933 2889 βοηθῆσαι
951 2815 977 2870 Η
997 2848 1029 2856 -
1050 2816 1131 2872 αὐτοὶ

113 2888 167 2960 γὰρ
186 2889 212 2943 V
244 2921 277 2929 —
315 2886 405 2944 8ῦπ’
427 2890 520 2944 αὐτῶν
539 2888 657 2958 vulgoH
695 2920 728 2928 —
764 2894 824 2951 τοῖς
842 2887 1032 2958 συηκροόμασι
1051 2887 1077 2940 Η
1096 2919 1131 2929 -

114 2968 129 3015 9
149 2959 356 3032 προσαρράξεσι
374 2960 430 3014 VH
454 2992 487 3001 -
511 2959 561 3014 καλ
584 2957 775 3014 συνέθλαττον
793 2959 879 3028 vulgo
907 2990 943 2999 -
972 2965 1005 3013 10
1024 2955 1056 3012 δέ
1076 2974 1131 3013 om.

113 3031 140 3086 H
165 3063 198 3073 -
222 3030 396 3094 ἀδιστάκτως
413 3033 440 3086 Η
468 3063 502 3072 -
532 3036 564 3084 11
584 3031 726 3086 κυκλόθεν
745 3032 838 3098 vulgo,
862 3029 1005 3086 κόκλοῦεν
1023 3030 1076 3086 Dd.
1097 3061 1130 3071 -

115 3102 234 3158 ἔτυπτον
253 3101 284 3159 δέ
300 3105 325 3156 V
339 3134 373 3144 -
394 3107 427 3156 12
447 3100 580 3158 οόκέτιλλ
601 3133 632 3142 -
653 3095 689 3168 ἦν
709 3100 816 3170 δυνατὴ
836 3099 905 3157 ὥστε
925 3103 949 3154 V
969 3133 1002 3141 -
1024 3107 1057 3155 14
1075 3098 1132 3170 ἀφ-

72 3224 74 3228 .
115 3178 178 3230 αλοι
201 3176 249 3229 καὶ
274 3191 327 3228 om.
348 3173 495 3243 vulgoVH
525 3204 557 3213 —
587 3172 637 3227 καὶ
654 3171 811 3228 θαλάσσιαι
836 3190 888 3229 om.
902 3173 955 3226 Dd.
980 3203 1012 3212 -
1045 3177 1079 3226 15
1099 3168 1131 3227 έκ

115 3254 207 3316 νννῆι
225 3246 251 3298 Η
