2430 3856
500 175 712 228 PRAEFATIO.
999 173 1116 226 XXXIX

165 337 240 421 seh.
263 333 295 402 Α
317 335 387 402 982
422 337 502 402 haee
534 336 759 402 inveniuntur:
791 335 945 419 πεμπάζω
979 336 1053 419 γάρ.
1075 336 1112 399 τὸ

97 445 243 532 άριθμῶ,
267 447 390 528 κυρίως
409 440 446 509 δὲ
469 445 506 509 τὸ
529 445 611 509 κατά
629 441 726 508 πέντε
745 441 842 508 πέντε
861 453 993 526 μετρεῖν
1012 445 1115 527 μυρία

97 555 209 637 μυρία.
265 551 304 615 ef.
337 552 438 616 schol.
470 550 567 616 Hom.
595 552 616 616 cl
643 550 709 615 412
743 546 995 634 (πεμπάσσεται)
1031 549 1115 612 κατά

96 657 195 724 πέντε
225 657 415 744 ἀριθμήσει.
460 659 513 724 Et.
531 657 574 723 M.
597 680 628 741 p.
647 659 766 736 660,3
796 656 1020 740 πεμπάσσεται
1050 655 1113 721 άπὸ

96 775 157 830 τοῦ
185 765 340 850 πεμπάζοι
360 765 446 831 ..τὸ
474 766 556 830 κατά
584 762 680 829 πέντε
708 763 918 851 άριθμήσειν,
960 762 1114 847 Hesych.:

96 873 323 957 πεμπάσσεται
350 874 432 936 κατὰ
460 871 557 937 πέντε
587 870 774 957 ἀριθμήσει.
821 870 916 936 Phot.
940 892 965 934 s.
983 893 1012 934 v.
1036 866 1115 954 πέμ-

96 1002 174 1046 πται
197 980 396 1063 πεμπτάζειν
418 980 482 1064 γάρ
506 980 589 1044 κατά
609 977 706 1044 πέντε
725 978 891 1062 ἀριθμεῖν.
929 974 1012 1041 Ουτοι
1032 976 1115 1040 eius·

97 1087 170 1151 dem
194 1087 312 1152 scholii
335 1087 452 1164 verbis,
475 1109 557 1171 quae
581 1090 670 1152 suntt
695 1087 730 1150 οῖ
746 1092 890 1168 Περσῶν
912 1081 949 1149 δὲ
967 1087 1115 1168 βασιλεῖς

96 1189 188 1279 εἶχον
213 1194 276 1258 δύο
298 1193 401 1276 τινάς,
431 1185 482 1271 οἷς
506 1191 684 1276 ἐπέτρεπον
707 1193 769 1276 τήν
797 1204 865 1256 τῶν
892 1202 1017 1256 κοινῶν
1046 1189 1113 1255 έπι-

95 1303 247 1385 τήρησιν,
273 1300 332 1377 οὓς
355 1299 518 1385 βασιλέως
541 1300 683 1366 ἐκάλουν
706 1299 919 1384 ὀφθαλμούς,
948 1298 988 1364 ολ
1011 1298 1114 1381 Hesy-

94 1408 161 1473 chii
189 1408 347 1493 glossam:
375 1405 538 1491 βασιλέως
566 1407 754 1493 ὀφθαλμός·
784 1405 943 1490 ἐπέμπετό
971 1429 1020 1482 τις
1047 1404 1113 1470 ὑπὸ

97 1512 260 1596 βασιλέως
279 1514 466 1598 ἐπίσκοπος,
486 1514 522 1592 ὃς
541 1514 709 1600 ἐφεωράτο
728 1517 768 1578 τά
786 1515 972 1598 πράγματα,
994 1512 1035 1578 ὃν
1052 1520 1114 1576 τοῦ

94 1619 258 1704 βασιλέως
281 1621 462 1706 ὀφθαλμὸν
486 1623 636 1687 ἐκάλουν.

163 1725 238 1793 soh.
258 1725 288 1791 Α
308 1728 355 1794 60
383 1730 513 1817 μαλερῷ
543 1730 736 1812 explanatur
758 1749 816 1811 per
839 1735 1029 1814 μαραντικρῖ
1053 1725 1110 1791 καλ

94 1843 272 1923 καυστικῷ.
318 1835 357 1900 In
381 1835 479 1902 VGL
503 1836 667 1919 glossema
690 1836 741 1898 est
763 1842 940 1921 καυστικςό,
964 1835 1004 1898 ad
1024 1834 1112 1918 quod

96 1941 186 2007 inV
219 1943 365 2008 additum
393 1942 611 2030 άφανιστικῷ,
643 1943 678 2006 in
706 1941 766 2006 GL
794 1947 908 2029 θερμῷ
943 1937 986 2028 (Β
1014 1940 1114 2005 habel

96 2055 213 2137 θερμῷ
237 2047 292 2114 καὶ
317 2049 492 2138 διαπύρῳ).
539 2050 629 2116 Haec
653 2053 762 2114 autem
785 2053 940 2135 quattuor
958 2051 1113 2134 interpre-

95 2161 243 2221 tamenta
262 2157 411 2240 evadunt,
434 2160 461 2223 si
475 2159 555 2222 haec
575 2157 699 2223 scholia
717 2158 804 2222 inter
823 2179 857 2222 se
871 2158 1117 2244 coniungimus:

96 2263 198 2327 schol.
224 2263 319 2329 Hom.
342 2263 408 2330 BV
438 2265 480 2330 ad
506 2270 537 2329 Φ
560 2265 625 2330 375
645 2263 713 2348 ..ἢ
743 2264 833 2349 παρὰ
860 2266 897 2330 τὸ
930 2270 1047 2348 μαλεῖν
1075 2266 1113 2331 τὸ

96 2368 281 2454 άφανίζειν.
328 2372 484 2455 ὃήλονότι
512 2381 556 2459 τῷ
585 2378 701 2457 θερμῷ
725 2368 780 2435 καὶ
803 2379 983 2458 καυστικρό,
1013 2373 1114 2437 schol.

96 2477 360 2560 Ap.Rh.1734
383 2485 554 2564 μαλεροῖο·
579 2479 614 2543 οἱ
634 2479 790 2561 νεώτεροι
813 2486 873 2542 τοῦ
892 2481 1055 2562 λαμπροῦ,
1080 2480 1115 2544 ολ

95 2579 135 2648 δὲ
167 2583 348 2668 <παλαιοὶ>
385 2594 446 2650 τοῦ
483 2594 703 2671 μαραντικοῦ,
742 2583 896 2669 Hesyah.:
933 2588 1112 2651 καυστικὸν

95 2694 311 2775 μαραντικόν,
344 2692 436 2758 Eusl.
468 2716 500 2776 p.
524 2692 604 2779 691,
622 2693 665 2758 53
698 2695 731 2757 el
763 2691 815 2757 El.
843 2691 885 2758 M.
919 2715 948 2776 p.
971 2692 1050 2776 574,
1070 2694 1112 2758 36

93 2801 242 2880 μαλερὸν
280 2822 338 2885 per
375 2803 579 2885 μαραντικὸν
616 2800 767 2885 reddunt,
804 2801 870 2865 sch.
904 2799 1002 2884 Soph.
1036 2799 1112 2866 Oed.

95 2904 132 2968 Τ.
154 2907 217 2970 190
242 2904 338 2994 (άρεα
361 2909 420 2972 τὸν
444 2905 617 2994 μαλερόν);
641 2908 701 2972 τὸν
724 2909 1022 2991 καταμαραίνοντα.

163 3012 214 3092 gl.
233 3011 304 3078 VH
325 3012 369 3079 35
401 3018 524 3092 Νεῖλος
554 3016 746 3098 explicatur:
779 3014 800 3098 ή
828 3020 1012 3098 Αἴγυπτος·
1046 3014 1115 3080 ἐκεῖ

94 3119 159 3203 γάρ
193 3119 211 3184 ὁ
238 3121 370 3199 Νεῖλος.
422 3122 510 3198 Quae
545 3123 693 3187 doctrina
725 3122 836 3187 eadem
870 3126 932 3206 est,
965 3143 1046 3206 quae
1079 3121 1113 3186 in

95 3224 253 3310 Hesychii
278 3230 399 3312 glossa:
428 3233 597 3312 Αἴγυπτος
621 3229 638 3294 ὁ
664 3232 787 3306 Νεῖλος
815 3228 832 3293 ὁ
860 3230 1021 3313 ποταμός,
1051 3225 1108 3310 ἀφ’

94 3325 137 3397 οὗ
160 3330 215 3398 καὶ
238 3333 258 3418 ή
283 3337 374 3423 χώρα
401 3335 466 3401 ὑπὸ
494 3345 561 3402 τῶν
578 3334 759 3421 ’νεωτέρων
784 3343 953 3418 Αἴγυπτος
976 3335 1111 3419 ἐκλήθη.
