2430 3856
476 185 514 236 IN
534 184 566 238 V.
587 187 735 239 543-550.

95 341 205 428 ἐρείκη
229 344 405 427 εὕσχιστον
428 343 470 408 Η.
507 348 577 429 σχί-

96 453 224 533 ζουοαι,
248 451 487 516 διακόπτουσαι
507 451 578 517 GL.

95 559 267 641 σχίζουσαι
294 554 349 621 καὶ
375 556 578 623 ἀτοκόιιτου·

95 681 152 728 σαι
181 664 217 728 Β,
255 663 364 747 ἐρείκη
395 658 484 740 εἶδος
513 689 578 748 φυ-

94 779 168 854 τοῦ,
191 770 272 856 ὅπερ
292 769 382 836 ἐστὶν
401 761 578 855 εὕοχιστον

95 874 270 962 (ἄσχιστον
294 875 344 963 L).
368 877 431 944 ἀπὸ
455 879 577 944 τούτου

96 979 133 1048 δὲ
161 981 216 1048 καὶ
243 985 281 1048 τὸ
309 987 578 1071 κατερεικόμεναι

96 1089 382 1178 (κατερεικόμενος
415 1088 454 1174 Ιι)
487 1093 576 1174 γίνε-

94 1221 149 1261 ται
173 1197 210 1276 Β,
238 1219 339 1282 marg.
365 1197 432 1263 GL.
461 1237 496 1290 ε-
529 1200 578 1263 δι-

94 1305 212 1389 ύγροις
221 1304 260 1370 V.
274 1342 311 1352 -
329 1306 394 1371 543
418 1303 577 1392 βρέχουσι

95 1410 230 1476 VBGL
255 1408 451 1499 (βρέχουσαι
474 1412 515 1497 V,
542 1409 577 1476 *ι

96 1518 168 1584 add.
200 1520 255 1584 ah.
289 1517 355 1607 m.).
391 1558 432 1566 -
470 1521 577 1604 ἤγουν

95 1623 242 1710 λυπηραὶ
265 1626 305 1691 V.
328 1627 376 1674 -’

95 1734 161 1797 544
194 1734 232 1798 αἱ
257 1730 304 1815 δ’]
335 1733 443 1819 ἕτεραι
470 1733 510 1799 V.
536 1771 574 1780 —

75 1825 133 1904 ἀί
167 1839 380 1926 ἐντρυφῶσαι
417 1853 487 1918 τοῖς
521 1841 578 1905 δολ-

94 1963 193 2031 κρυσι
220 1946 262 2012 Η.
300 1948 337 2011 αί
365 1947 577 2035 ἐντρυφῶσαι

94 2063 164 2129 τοῖς
187 2055 279 2136 γόοις
299 2053 339 2119 V.
360 2093 402 2102 -
427 2054 576 2142 ἀνδρῶν]

95 2159 223 2225 ἑαυτῶν
241 2160 281 2226 V.
302 2199 347 2208 -
370 2163 436 2227 545
460 2162 577 2232 ἐπιθυ-

93 2275 218 2351 μοῦοαι
245 2267 285 2332 V.
315 2305 352 2315 —
383 2268 576 2334 θεάσασθαι

95 2373 134 2438 V.
161 2411 200 2420 -
231 2374 295 2440 546
319 2374 479 2461 λέκτρων]
508 2386 577 2441 τῶν

94 2479 132 2544 V.
160 2518 198 2528 —
229 2479 284 2546 καὶ
311 2483 368 2559 τὰς
395 2485 577 2559 πλουσίους

93 2585 239 2664 πέπλους
279 2587 419 2673 ἐχούσας
456 2589 495 2654 V.
535 2627 572 2636 -

94 2695 158 2759 547
183 2704 350 2780 τρυφερᾶς
368 2696 408 2760 V.
425 2735 465 2743 —
485 2697 576 2762 Inter

94 2802 177 2888 ἥβης
202 2807 234 2866 et
257 2801 375 2886 τέρψιν
404 2827 575 2887 superscr.:

94 2907 179 2991 λέγω
204 2907 244 2974 V.
271 2947 309 2956 -
338 2915 576 2990 καταλείψαοαι

94 3014 132 3079 V.
164 3052 202 3061 -
239 3014 302 3081 548
336 3018 443 3100 ἤγουν
475 3018 575 3102 ἀτλή-

95 3140 180 3200 στως
203 3123 242 3187 V.
265 3161 310 3170 -—

94 3424 158 3489 549
183 3427 304 3510 μόρον]
321 3427 376 3490 διὰ
387 3426 425 3491 V.
440 3463 475 3474 -
490 3425 575 3510 ἀφα-

94 3530 277 3614 νιζομένων
292 3531 328 3596 V.
347 3569 381 3579 -
400 3533 468 3600 550
491 3543 578 3600 κινῶ

633 1733 700 1800 544
730 1733 903 1819 ἁβρόγοοιε
937 1735 974 1800 αλ
999 1734 1113 1817 ἐντρυ-

633 1852 744 1926 φῶσαι
771 1852 841 1920 τοῖς
869 1842 1041 1928 δάκρυσιν.
1072 1877 1109 1888 -

636 3531 707 3602 550
735 3530 906 3618 βαοτάζεο.
933 3561 974 3571 -
