2430 3856
134 189 199 253 236
565 190 723 242 SCHOLIA

134 350 189 417 καὶ
228 351 419 416 ἐπεὺθυνον
456 354 562 435 ἤγουν
598 353 681 416 κατά
717 353 754 416 τὸ
788 351 876 416 εὐθὺ
909 349 1068 433 ἐξήγοντο
1102 347 1156 414 καλ

108 458 361 523 εέπλατὺνοντο
384 459 492 522 πάντα
514 460 555 537 τά
578 460 702 542 νόμιμα
725 455 780 522 καὶ
799 459 902 541 ἔθιμα
920 467 989 521 τῶν
1007 461 1156 542 πυργου-

135 564 247 649 μένων
274 563 328 630 καὶ
355 563 607 649 τετειχισμένον
634 567 778 630 πόλεων·
811 561 866 630 καὶ
894 563 1049 647 ὁρμῶμεν
1073 564 1155 628 κατά

135 673 174 736 τά
206 668 430 755 νενομισμένα
458 673 521 753 έθη
547 683 620 748 ταῖς
647 674 763 736 πόλεσι
788 681 861 747 ταῖς
887 668 1154 754 πορθουμέναις,

137 779 177 844 οὐ
206 778 323 863 τεμένη
355 783 579 862 πορθοῦντες,
613 777 654 842 οὐ
685 778 814 860 τάφους
847 775 1076 858 ἀνασπῶντες,
1112 776 1156 852 ῶς

136 884 260 970 Ξέρξης
295 886 461 969 τολμήσας
497 883 641 967 ἐποίησε.
689 882 817 968 λέγεται
851 879 897 948 δὲ.
920 881 974 947 καὶ
1008 883 1155 966 πύργινα

96 1016 123 1056 10
137 995 260 1077 νόμιμα
296 994 337 1056 τά
372 1001 566 1076 πυργοῦντα
602 989 657 1056 καὶ
695 1001 904 1056 συνιστῶντα
940 990 998 1065 τάς
1033 991 1154 1065 πόλεις.

137 1101 257 1175 άλλως·
280 1100 473 1181 περιβόητοι
496 1092 580 1180 ἦμεν
604 1096 640 1162 ἐκ
660 1095 807 1180 πολέμου
832 1105 1002 1180 πανταχοῦ
1020 1117 1154 1180 τροπαι-

138 1215 325 1290 ουχοῦντες.
364 1205 399 1269 oc
420 1201 458 1270 δὲ
482 1204 692 1287 δημωφελεῖς
716 1203 816 1288 δῆμοι
839 1203 946 1267 πάντα
969 1203 1009 1267 τδι
1027 1204 1154 1286 νόμιμα

138 1313 379 1378 ἐπολιτεύοντο.
425 1310 631 1396 vquoDdV.

138 1460 155 1507 4
174 1452 223 1506 καλ
241 1469 291 1521 pro
310 1450 399 1522 ἤγουν
413 1452 439 1504 V
458 1481 491 1491 -
516 1447 602 1513 εὑθὲς
615 1451 641 1503 V
660 1481 694 1490 -
719 1448 803 1504 ὁκαὶ
823 1445 911 1518 ἔθιμα
929 1447 1028 1503 addidi
1048 1465 1063 1502 e
1082 1448 1107 1500 V
1121 1478 1153 1488 -

138 1520 341 1593 πυργουμένυν
360 1538 375 1575 e
395 1519 579 1592 πυργομένοον
597 1537 667 1575 corr.
682 1521 707 1574 V
722 1552 756 1560 -
776 1527 791 1574 6
812 1520 947 1590 ὡρμῶμεν
960 1519 1106 1587 vulgoDd.
1121 1549 1152 1558 -

140 1603 154 1650 7
173 1594 234 1664 ἤδη
248 1603 304 1649 τῶν
318 1592 427 1648 πόλεων
440 1593 476 1648 τά
489 1590 590 1664 τεμένη
604 1595 790 1663 πορθοῦντες,
804 1593 870 1654 τοῦς
882 1590 992 1659 τάφους
1006 1593 1154 1646 ἀνασπῶν-

137 1667 221 1729 τεςν
240 1699 272 1706 -
294 1671 310 1719 8
329 1665 378 1719 καλ
396 1663 505 1735 τάφους
518 1664 606 1733 vulgo
630 1695 664 1704 -
688 1668 704 1716 9
724 1658 856 1733 ἐτόλμησε
874 1669 992 1732 ποιῆσαι
1011 1661 1154 1729 vulgofid.

140 1769 172 1778 -
194 1744 226 1791 11
245 1738 333 1792 verba
350 1735 418 1790 inde
432 1736 468 1790 ab
487 1735 575 1798 άλλως
594 1733 692 1788 addidi
706 1751 721 1788 ο
736 1734 775 1800 V3
805 1733 858 1788 Dd.
881 1734 969 1788 verba
993 1731 1154 1806 περιβόητοι

138 1802 209 1878 ᾖμεν
229 1825 252 1864 ο.
268 1826 294 1876 q.
311 1827 331 1863 ε.
346 1807 429 1861 initio
448 1807 531 1860 huius
551 1806 639 1860 schol.
652 1802 819 1874 praeposuit
836 1821 871 1859 ex
889 1805 912 1860 Ο
927 1836 961 1846 -
978 1803 1108 1875 πολέμων
1122 1804 1154 1871 V,

138 1878 261 1951 πολέμου
281 1879 303 1933 Ο
324 1911 357 1919 -
376 1885 610 1948 τροπαιοχοῦντες
624 1876 648 1930 V
662 1908 698 1917 -
718 1883 750 1930 12
771 1873 811 1938 εἰς
828 1874 962 1931 πάνταν

207 2059 272 2124 866
318 2058 420 2134 ὅσσας
453 2055 483 2122 δ’
516 2049 582 2122 εἷλε
613 2059 738 2134 πόλειςι
779 2065 879 2121 τοῦτο
916 2063 1152 2141 θαυμαστικῶς

138 2182 258 2250 φησιν,
296 2165 347 2228 ὅτι
379 2173 419 2249 τῇ
453 2163 552 2250 ἀρετῇ
581 2161 746 2246 Ἕλληνας
778 2160 954 2246 ὑπέταξεν,
991 2158 1064 2228 ἀλλ’
1096 2163 1157 2228 οὐκ

140 2271 268 2358 ἀνάγκη
292 2270 310 2336 ὁ
334 2275 487 2356 Δαρεῖος.
533 2269 742 2357 vulgoDdV.

213 2419 226 2465 1
247 2410 314 2474 ὅσας
331 2410 411 2466 Dd.V
432 2443 464 2450 —
490 2417 558 2481 λτῇ
577 2409 663 2477 vulgo
683 2427 735 2464 om.
750 2442 783 2450 -
804 2407 925 2476 ὑπέταξε
944 2414 1074 2477 Δαρεῖος,
1094 2405 1154 2463 ἀλλ’

140 2484 192 2538 οῦκ
211 2482 322 2554 ἀνάγκη
340 2481 499 2550 vulgoDd.;
518 2479 665 2551 ὑπέταξεν,
686 2478 746 2536 ἀλλ’
763 2482 815 2536 οὑκ
834 2478 871 2535 διν
890 2479 944 2536 εἰσι
958 2488 1040 2549 νῆσοι
1055 2479 1114 2535 οἷαι
1128 2481 1157 2534 et

140 2556 201 2608 tum
221 2557 307 2608 verba
325 2552 412 2609 schol.
427 2571 454 2607 v.
469 2558 521 2607 870
537 2554 559 2606 V

208 2699 272 2765 869
296 2695 499 2782 σκληροτέρα
517 2697 537 2780 ὑ
558 2698 746 2781 συναλοιφὴ
765 2693 949 2782 ποταμοῦδ’
966 2693 1022 2782 ἀφ’
1038 2695 1158 2780 ἑστίας,

143 2799 217 2870 οἷόν
241 2804 310 2869 ἐστι
332 2804 369 2868 τὸ
393 2813 454 2868 τοῦ
477 2802 572 2868 ἕνεκα
594 2803 745 2868 τοῦνεκα.
790 2802 955 2888 vulgoDd.

211 2942 293 2996 ExP
318 2942 371 2996 Dd.
387 2941 481 2996 affert:
509 2941 540 2996 τὸ
563 2940 670 2997 τέλειον
693 2935 728 3009 ἦν
751 2950 879 3012 ποταμοῦ
899 2936 963 2996 οὐδ’
979 2937 1033 3010 ἀφ’
1051 2935 1157 3005 ἑστίας·

140 3011 194 3070 ὦδε
221 3012 252 3070 δὲ
280 3009 467 3086 ἐκβληθέντος
491 3021 541 3068 τοῦ
566 3034 583 3067 υ
609 3013 659 3067 καὶ
683 3011 841 3082 κραθέντος
863 3021 913 3068 τοῦ
937 3032 952 3067 ο
976 3013 1024 3066 καὶ
1048 3021 1098 3082 τῆς
1121 3033 1156 3068 ου

140 3085 302 3157 διφθόγγου
318 3084 357 3148 εἰς
371 3084 423 3154 τὴν
438 3105 472 3140 ου
486 3086 656 3155 δίφθογγον,
671 3082 774 3154 ποτάμ’
792 3081 854 3139 οὐδ’
871 3081 925 3154 ἀφ’
942 3081 1036 3147 ἑστίας
1049 3087 1158 3154 γίνεται

140 3159 339 3231 ὑπερβιβασμῴ
358 3166 407 3212 τοῦ
426 3156 519 3224 τόνου,
541 3156 578 3218 ὡς
596 3154 694 3210 καὶτὸ
713 3165 763 3210 τοῦ
783 3154 865 3212 ἕνεκα
884 3155 1013 3211 τοὺνεκα.

209 3339 274 3405 870
320 3330 388 3402 οἷαι
426 3340 643 3424 Στρυμονίου
680 3337 854 3421 πελάγουςι
894 3327 967 3402 οἷαί
1000 3337 1087 3401 εἰσιν
1124 3337 1162 3401 αλ

210 3501 224 3548 1
247 3496 277 3550 εὑ
295 3500 312 3550 2
332 3491 488 3568 στρυμόνον
502 3495 528 3550 V
543 3523 576 3536 -
