2430 3856
84 186 164 236 XXII
483 185 693 238 PRAEFATIO.

86 347 182 431 frgm.
201 347 267 411 404

183 476 308 555 Αἴγινα
332 465 363 536 d'
385 472 467 556 αὕτη
491 473 574 557 πρὸς
595 476 697 538 νότου
719 484 824 538 κεῖται
846 473 963 554 πνοάς,

86 597 124 662 cf.
145 595 243 681 Soph.
261 598 377 682 fragm.
397 597 461 662 872
472 596 512 662 N.

130 748 188 822 τῆς
212 736 249 804 δὲ
273 739 392 823 γῆςτὸ
415 740 498 823 πρὸς
520 741 621 804 νότον
644 744 754 823 εἴληχε
776 740 925 822 Πάλλας,

86 882 183 948 Hom.
203 907 223 968 ι,
242 885 285 948 26

132 1024 214 1108 αὐτὴ
239 1023 276 1089 dl
298 1027 453 1110 χθαμαλὴ
477 1026 709 1110 πανυπερτάτη
734 1028 784 1090 εἰν
808 1023 861 1090 ἁλὶ
885 1035 989 1089 κεῖται

83 1168 88 1183 «
132 1133 215 1215 πρὸς
239 1135 353 1216 ζόφον,
376 1133 413 1198 αἱ
434 1131 474 1198 da'
494 1130 523 1198 τ’
545 1134 670 1198 ἄνευθε
693 1134 775 1217 πρὸς
798 1133 846 1215 ἠῶ
870 1127 898 1195 τ’
920 1129 1035 1214 ἠέλιόν
1057 1153 1101 1196 τε.

87 1273 159 1339 Hoc
186 1277 270 1358 πρὸς
298 1278 401 1358 ζόφον
430 1277 512 1360 expl.
534 1275 629 1341 Phot.
653 1281 686 1340 et
709 1275 824 1341 Suidas
852 1276 935 1357 πρὸς
965 1271 1101 1356 δυσμάς.

156 1417 186 1464 v.
207 1398 277 1464 583
302 1402 347 1465 sic
371 1405 542 1486 corruptus
566 1406 617 1466 est
638 1402 672 1465 in
694 1400 729 1466 M
748 1397 873 1487 (τοκέες
897 1396 928 1464 d’
949 1397 1101 1485 ἄπαιδες)

88 1504 296 1590 ἑραὸαιμόνι’
322 1505 427 1595 (ἄχη),
455 1509 489 1572 in
513 1506 693 1573 VPar.AN
720 1508 841 1593 legitur
870 1508 1004 1591 ἔρανται
1030 1505 1101 1569 δαι-

86 1611 190 1698 μόνι’,
215 1615 249 1678 in
277 1613 626 1681 HGLVen.ABOant.
638 1620 666 1681 1.
677 1618 697 1680 2
709 1614 765 1680 Ox.
777 1616 846 1679 Par,
857 1611 1102 1679 BFHKLAld.

88 1719 169 1786 Rob.
190 1724 345 1807 ἔρρανται
367 1720 525 1808 δαιμόνι’.
562 1723 749 1789 Adversarii
769 1722 908 1786 dixerint
927 1721 1102 1786 lectionem

88 1830 244 1914 ἕρρανται
281 1829 424 1914 δαιμόνι’
457 1833 640 1897 coniectura
674 1854 712 1895 ex
743 1824 950 1914 dpudurpdvr'
980 1826 1101 1892 factam

87 1957 168 2000 esse.
208 1936 368 2020 Equidem
391 1943 470 2020 puto
495 1961 514 2001 a
537 1939 677 2003 lectione
701 1940 836 2021 ἔρανται
860 1927 1005 2019 δαιμόνι’
1028 1957 1102 2019 pro-

87 2040 294 2105 ficiscendum
319 2064 398 2106 esse.
445 2043 535 2119 Quae
559 2066 632 2108 curn
656 2043 801 2127 proxime
826 2043 957 2107 accedat
976 2041 1015 2105 ad
1035 2041 1102 2106 Mo·

90 2146 171 2212 dicei
205 2150 435 2233 corruptelam,
469 2150 536 2212 veri
570 2151 674 2213 simile
707 2150 834 2214 videtur
862 2150 894 2213 in
925 2149 1102 2233 archetypo

87 2275 198 2319 vocem
223 2257 359 2341 ἔρανται
384 2257 424 2320 ad
446 2279 473 2321 v.
492 2256 558 2323 583
583 2256 779 2341 adscriptam
802 2257 904 2322 fuisse
930 2293 968 2302 -
995 2277 1103 2320 erroro

89 2382 131 2424 sc.
156 2361 289 2446 librarii,
313 2365 368 2448 qui
393 2387 464 2428 eam
488 2365 600 2429 debuit
623 2364 664 2428 ad
689 2387 716 2428 v.
737 2364 803 2429 574
827 2364 998 2447 adponere,
1026 2366 1104 2428 ante

88 2469 189 2533 verba
222 2468 316 2536 στένε
347 2468 402 2536 καὶ
436 2471 613 2555 δακνοὲζου,
646 2473 701 2536 ubi
733 2494 818 2536 nuno
850 2472 967 2536 lacuna
998 2474 1103 2554 extat3

90 2576 145 2640 sed
175 2579 259 2642 oculi
283 2602 303 2643 a
325 2580 433 2643 verbis
457 2580 611 2662 strophae
635 2576 763 2665 οὐράνι’
787 2580 865 2663 ἄχη,
889 2600 970 2663 quae
990 2580 1104 2644 statim

90 2690 250 2767 secuntur,
275 2687 315 2749 ad
339 2688 437 2750 verba
462 2686 687 2769 antistrophac
714 2683 858 2770 δαιμόνι’
886 2686 948 2770 ἄχη
974 2686 1103 2750 aberra·

89 2796 205 2854 verunt
215 2829 267 2874 —,
279 2793 418 2856 scribam
434 2798 542 2858 autem
556 2792 693 2857 Medicei
707 2816 877 2878 perperam
896 2792 1104 2877 descripsisse

91 2895 308 2983 ἐραδαιμόνί,
337 2922 409 2964 cum
437 2900 582 2984 syllabae
609 2924 684 2965 νται
713 2905 745 2964 et
773 2901 829 2964 δατ
858 2900 892 2964 in
924 2923 1026 2965 unum
1054 2922 1105 2966 co·

91 3005 279 3070 alescerent.
325 3006 396 3072 Hoc
420 3007 447 3070 si
472 3007 655 3093 statuimus,
678 3008 712 3071 in
731 3006 914 3074 VPar.AN
936 3007 1105 3092 archetypi

90 3112 187 3178 lectio
220 3117 350 3178 servata
382 3117 439 3178 est.
494 3113 533 3178 In
565 3115 681 3180 ceteris
714 3116 849 3199 ἔρανται
880 3117 915 3178 in
947 3117 1106 3200 ἕρρανται

91 3224 271 3286 correctum
291 3221 457 3304 habemus,
477 3221 561 3305 quod
577 3222 680 3306 quivis
698 3221 850 3287 librarius
865 3222 971 3287 facere
985 3222 1104 3306 potuit.

159 3345 359 3430 Supersedeo
394 3347 514 3411 multas
551 3346 626 3411 libri
657 3346 693 3412 M
730 3348 930 3433 corruptelas
964 3347 1103 3413 leniores

90 3472 290 3539 enumerare,
313 3455 451 3541 quaein
475 3452 563 3519 codd.
583 3475 664 3520 rece.
683 3454 872 3519 emendatae
897 3459 981 3520 sunt.
1016 3453 1104 3520 Nam

90 3562 199 3625 utrum
223 3561 258 3625 hi
280 3563 344 3628 loci
367 3562 402 3626 in
423 3561 617 3629 recentiores
637 3566 724 3628 recte
744 3583 782 3626 ex
802 3561 977 3647 archetypo
997 3565 1104 3626 trans-
