2430 3856
110 182 198 231 LXVI
426 179 636 232 ADNOTATIO
658 180 813 232 CRITIGA.

111 353 169 392 non
188 337 329 392 convenit.
366 337 454 392 Recte
472 337 561 406 igitur
574 337 694 407 vulgata
712 336 797 393 lectio
816 354 846 393 se
864 338 960 407 habet,
978 338 1035 392 nisi
1049 340 1126 408 quod

110 416 160 463 τοῦ
184 416 268 478 χοροῦ
297 408 431 463 omissum
460 414 511 464 est.
553 409 613 463 Iam
641 411 665 463 si
696 411 806 464 textum
835 410 888 465 Dd.
911 410 1126 480 examinaveris,

115 480 255 550 cogitabis
273 479 406 536 fortasse:
424 479 497 534 illud
514 482 580 550 post
597 482 687 549 κρίσις
705 480 884 536 inserendum
903 498 973 549 esso,
992 484 1024 535 ut
1038 482 1124 538 schol.

113 551 218 606 evadat
240 551 258 621 ἡ
276 550 396 622 ὑμετέρα
416 550 501 622 φάτις
518 551 568 605 καὶ
586 555 682 621 κρίσις,
707 560 756 607 τοῦ
775 561 869 623 χοροῦ,
888 551 975 617 οὕτως
994 549 1124 624 ἐκύρωσε.

50 630 52 634 ’
111 623 204 692 Atque
223 622 308 678 sicin
322 623 416 692 aliquo
431 623 503 691 cod.‚
521 626 595 678 unde
615 624 636 678 Ο
652 623 716 677 etP
731 624 869 694 originem
884 624 1029 694 duxerunt,
1049 628 1125 680 carte

111 694 273 764 legebatur,
305 695 468 764 priusquam
499 694 587 749 verba
618 693 862 750 confunderentur.
909 697 965 750 Sed
996 699 1125 766 apertum

110 765 224 820 videtur
251 781 334 820 voces
361 774 410 820 τοῦ
438 772 522 835 χοροῦ
550 782 688 834 nusquam
717 766 772 820 nisi
798 769 865 836 post
886 764 1008 836 ὑμετέρα
1030 768 1126 823 locum

112 837 225 892 habore.
263 835 309 890 Sic
333 839 428 891 autem
452 837 642 907 corruptelam
668 836 871 908 expediverim,
894 840 926 892 ut
949 842 1072 893 statuam
1095 840 1125 894 in

112 909 173 962 cod.
186 907 265 963 libris
275 907 411 962 Parisiuis
426 911 456 962 et
469 910 560 962 textui
568 907 681 979 vulgari
695 909 838 963 communi
852 907 993 963 alibrario
1003 911 1125 980 primum

112 979 246 1034 omissum
269 995 330 1034 asse
352 988 402 1034 τοῦ
426 988 525 1049 χοροῦ,
552 981 615 1034 tum
642 997 727 1050 supra
749 998 862 1035 versum
890 980 1027 1036 additum.
1065 981 1125 1046 Quo

111 1050 217 1175 {aim}
237 1053 288 1120 est,
307 1052 339 1105 ut
357 1051 429 1105 illud
447 1051 478 1104 in
498 1050 578 1106 codd.
594 1051 731 1106 derivatis
745 1052 829 1106 modo
843 1069 900 1106 non
914 1052 1028 1121 legatur
1041 1053 1124 1107 modo

125 1138 185 1176 aso
217 1138 276 1177 ooo.

183 1191 225 1246 Ex
249 1192 293 1247 his
321 1193 443 1247 maxima
471 1210 541 1262 quas
570 1193 687 1264 exposui
715 1193 958 1249 observationibus
985 1195 1124 1249 rationem

112 1262 245 1319 editionis
273 1263 420 1320 faciendae
448 1264 577 1335 repetivi.
618 1266 680 1319 Etsi
706 1264 862 1334 imparibus
885 1265 992 1320 viribus
1020 1267 1124 1320 molem

111 1352 240 1390 curarum
265 1334 426 1390 criticorum
450 1336 573 1405 suscepi,
601 1352 682 1406 spero
704 1337 801 1389 tamen
824 1338 883 1391 foro
907 1339 939 1391 ut
960 1353 1018 1392 non
1039 1337 1124 1407 plane

111 1407 237 1488 ineptum
256 1406 323 1461 viris
348 1407 438 1461 doctis
458 1407 589 1461 videatur
611 1424 690 1476 opus,
719 1408 884 1477 praesertim
910 1424 973 1462 oum
1001 1427 1016 1464 a
1044 1409 1126 1478 larga

110 1495 253 1533 vanarum
280 1478 434 1533 lectionum
463 1477 546 1548 copia
571 1481 762 1547 unusquisque
786 1496 821 1534 ea
848 1480 997 1535 emendare
1024 1479 1123 1550 possit,
1196 1528 1198 1532 .

112 1565 183 1618 quae
202 1549 263 1621 ipso
282 1552 333 1604 aut
350 1566 499 1620 perperam
518 1551 642 1606 autnon
660 1551 807 1620 temptavi.
