2430 3856
136 125 202 190 258
568 128 726 181 SOHOLIA

138 285 189 353 ἑνὶ
208 289 345 378 πιτύλῳ,
364 291 471 373 ἤγουν
491 298 536 378 τῷ
551 291 691 378 θορύβῳ
706 299 764 373 της
778 291 883 376 μάχης
896 290 950 356 καὶ
964 300 1003 376 τῇ
1018 302 1159 378 κραυγῇ.

109 415 123 456 ε
136 397 235 480 vulgo
242 395 343 462 Dd.V.

136 541 210 608 4τῷ
230 553 283 592 om.
299 536 324 588 V
348 569 380 576 —
408 541 446 610 τῷ
464 544 515 605 τῆς
537 535 627 608 μάχης
648 537 765 610 θορύβῳ
783 537 836 592 Dd.
861 568 895 578 —
922 539 996 592 InO
1022 541 1158 594 secuntur

136 607 222 661 haec:
242 605 259 675 ἢ
279 613 330 683 μιᾷ
348 608 451 663 πτώσει
470 609 520 663 καὶ
537 613 642 680 πληγῇ·
662 608 719 664 ἀπὸ
733 617 783 663 τοῦ
797 609 898 665 τύπτω.
922 608 971 664 καλ
984 609 1156 680 προεγράφη

137 674 168 734 ἒν
187 683 225 751 τῷ
244 679 366 753 δευτέρῳ
385 679 507 750 δράματι
526 679 602 751 (vide
622 680 710 736 schol.
726 681 801 750 Sept.
816 698 842 736 ν.
858 686 909 735 856
924 678 998 751 Dd.).
1022 712 1057 722 —
1082 682 1115 735 ln
1133 683 1159 737 P

137 751 173 804 ad
192 751 346 822 ἀπαίρουσι
365 752 532 807 adnotatum
551 755 607 807 est:
626 773 668 823 γρ.
688 751 737 806 καὶ
756 752 933 822 ἀσπαίρουσι.

204 915 269 980 982
281 937 349 999 sqq.
378 909 442 999 άρα
464 913 521 979 καὶ
543 915 602 980 τὸν
626 867 808 1000 ὀφθαλμόν
829 916 889 981 τὸν
912 917 974 981 σὸν
992 916 1052 981 τὸν
1071 918 1156 982 κατά

135 1021 243 1086 πάντα
279 1023 408 1104 πιστὸν,
441 1023 501 1086 τὸν
535 1023 730 1106 πεμπαστην
764 1019 820 1086 καὶ
858 1021 1049 1107 άριθμητὴν
1085 1035 1155 1089 τῶν

135 1133 279 1211 Περσῶν
306 1130 408 1215 μυρία
436 1131 539 1213 μυρία
563 1128 667 1193 αὐτοῦ
690 1132 814 1212 ἔλιπες,
841 1131 927 1194 ἔνθα
949 1127 1004 1194 καὶ
1028 1131 1064 1196 οί
1085 1135 1156 1196 λοι-

134 1238 206 1315 ποί;
234 1230 322 1312 τινὲς
350 1231 388 1299 δὲ
414 1233 469 1300 καὶ
497 1235 557 1300 τὸν
584 1234 765 1320 ὀφθαλμὸν
792 1247 859 1300 τῶν
888 1240 1033 1321 Περσῶν
1060 1255 1154 1320 φασι.

107 1343 329 1427 επεμπαστην
371 1338 408 1408 δὲ
447 1342 628 1426 ὀφθαλμὸν
664 1341 769 1425 λέγει,
811 1344 897 1408 διότι
934 1343 952 1409 δ
989 1343 1156 1427 βασιλέως

134 1449 312 1534 ὀφθαλμὸς
335 1448 472 1535 άριδμεί
499 1451 540 1513 τὰ
568 1450 795 1535 στρατεύματα
825 1447 993 1535 (πεμπάζω
1021 1451 1083 1534 γάρ
1112 1453 1152 1517 τὸ

134 1556 280 1641 ἀριθμῶ,
303 1559 427 1642 κυρίως
450 1553 487 1622 δὲ
505 1557 543 1622 τὸ
562 1557 645 1622 κατά
663 1555 761 1622 πέντε
779 1554 875 1622 πέντε
895 1569 1027 1642 μετρεῖν
1045 1561 1149 1641 μυρία

133 1661 264 1750 μυρία)·
296 1664 370 1748 ἢτοι
402 1669 566 1748 μετρητην
595 1663 822 1748 στρατοπέδου
851 1661 957 1729 οἱονεὶ
984 1664 1152 1750 μυριάδας

134 1770 345 1856 άριθμοῦντα
374 1770 452 1847 ὅλας
480 1768 534 1836 καὶ
560 1771 756 1855 ἡγεμονείας
779 1767 877 1854 <καὶ>
900 1771 983 1836 κατά
1005 1771 1151 1836 πεντάδα

95 1903 121 1942 10
135 1877 242 1962 <άνδι>
266 1880 407 1964 μυρίους
430 1879 566 1961 ἔχοντας
587 1880 667 1955 τοὺς
694 1875 909 1963 ἀρχομένους.
951 1877 987 1943 οἱ
1006 1882 1151 1964 Περσῶν

135 1983 172 2050 δὲ
200 1989 347 2069 βασιλεῖς
373 1979 465 2069 εἶχον
493 1985 555 2049 δύο
583 1985 677 2061 τινάς
704 1976 755 2061 οἷς
781 1982 961 2070 ἐπέτρεπον
992 1985 1056 2068 τὴν
1082 1994 1152 2050 τῶν

134 2103 259 2158 κοινῶν
282 2091 487 2176 ἐπιτηρησιν,
511 2090 571 2168 οὓς
594 2089 756 2174 βασιλέως
779 2090 921 2157 ἐκάλουν
944 2091 1152 2176 ὀφθαλμούς.

133 2197 340 2284 vulgoDd.V.

206 2345 220 2393 1
240 2337 290 2393 τὸν
309 2340 375 2392 ante
393 2337 467 2392 κατδι
485 2353 539 2392 om.
555 2337 628 2390 V-
647 2343 663 2390 3
688 2337 807 2392 alterum
830 2338 917 2407 μυρία
934 2337 1021 2406 vulgo
1041 2353 1094 2392 om.
1115 2367 1148 2377 -

133 2418 217 2480 4sqq.
235 2407 310 2473 τινὲς
333 2407 365 2464 δὲ
384 2410 433 2464 τὸν
457 2408 609 2480 ὀφθαλμὸν
627 2408 727 2463 πιστὸν
750 2407 870 2478 λέγουσι,
889 2405 961 2463 διότι
981 2407 995 2463 δ
1015 2409 1077 2480 βασ.
1092 2412 1150 2464 κτλ.

132 2481 260 2551 vulg00‚
289 2480 364 2544 τινες
391 2481 422 2536 δὲ
451 2480 550 2544 οὕτως·
579 2475 635 2552 ἆρα
662 2479 712 2534 καὶ
734 2476 876 2534 ’Ἄλπιστον
903 2479 953 2534 τὸν
980 2481 1072 2534 παῖδα
1099 2488 1151 2534 τοῦ

133 2553 304 2624 Βατανώχου
331 2553 381 2608 τὸν
404 2553 478 2608 κατὰ
500 2551 595 2608 πάντα
617 2551 717 2606 πιστὸν
739 2551 891 2621 ὀφθαλμὸν
914 2551 964 2606 τδν
987 2552 1075 2620 μυρία
1101 2549 1152 2605 καὶ

133 2627 249 2695 μυρίους
267 2623 432 2694 πεμπαστὴν
451 2623 500 2679 καὶ
519 2620 687 2694 ἐπιμελητήν
702 2640 760 2677 σου.
792 2622 871 2677 ἄλλοι
885 2619 916 2677 δὲ
931 2622 981 2677 τὸν
996 2622 1151 2692 ὀφθαλμὸν

132 2696 232 2751 πιστὸν
251 2694 374 2765 λέγουσι,
397 2693 471 2750 διότι
489 2695 504 2749 ὑ
523 2697 584 2768 βασ.
600 2699 656 2750 κτλ.
670 2693 724 2750 Dd.
739 2711 773 2748 ex
786 2695 822 2759 P;
847 2693 947 2763 scripsi
965 2711 1029 2747 cum
1048 2693 1082 2765 V,
1102 2695 1151 2763 qui

132 2767 248 2837 quidem
267 2770 302 2837 (v,
322 2769 348 2835 5)
372 2767 471 2821 πιστὸν
494 2783 544 2835 pro
565 2764 732 2836 πεμπαστὴν
755 2765 870 2820 exhibet
897 2795 931 2806 -
960 2766 1098 2834 ’ίκυρίοις
1117 2763 1149 2819 δὲ

132 2839 164 2894 τὸ
192 2837 265 2893 κατά
292 2837 419 2893 πεντάδα
447 2839 583 2907 ἀριθμεῖν
610 2835 698 2893 οἷονεί
725 2836 777 2891 Dd.
802 2841 831 2891 et
853 2836 952 2906 vulgo,
980 2834 1030 2890 ubi
1052 2839 1151 2890 tamen

133 2911 247 2980 ἀριθμῶ
270 2941 305 2950 -
328 2915 344 2962 8
364 2909 499 2979 μετρητὸν
518 2908 744 2980 στρατόπεδουλλ
769 2940 801 2948 -
831 2912 846 2960 9
866 2908 1094 2978 ἀριθμοῦντεςν
1115 2937 1149 2948 -

132 2980 272 3052 ἡγεμόνας
292 2981 316 3033 V
340 3013 373 3020 -
397 2980 470 3035 κατὰ
492 2979 620 3036 πεντάδα
637 3025 642 3035 .
658 2976 853 3051 ,ἀρχομένους
876 2997 929 3034 om.
948 2977 1094 3047 vulgoDd.
1114 3009 1149 3018 —

134 3060 167 3107 10
185 3053 274 3108 verba
293 3049 323 3106 ολ
339 3055 456 3123 Περσῶν
476 3051 507 3108 δὲ
526 3056 583 3108 κτλ.
603 3053 706 3107 desunt
723 3054 753 3104 in
773 3051 852 3106 OPV
877 3081 911 3091 -
941 3058 972 3105 11
995 3047 1027 3105 δὲ
1047 3049 1149 3119 scripsi

131 3141 182 3195 pro
203 3124 257 3196 κᾶν

200 3270 262 3336 991
276 3292 345 3355 sqq.
387 3269 486 3353 ίυγγά
513 3293 583 3354 μοιε
614 3271 714 3334 τοῦτό
742 3283 847 3353 φησιν
874 3267 892 3332 ὁ
916 3263 1039 3352 Ξέρξης
1063 3266 1148 3349 πρὸς

131 3379 191 3444 τὸν
227 3379 341 3462 χορόν,
378 3377 429 3441 ὅτι
462 3381 560 3460 ἴυγγα
592 3373 647 3441 καὶ
680 3378 797 3460 φιλίαν
829 3371 884 3440 καὶ
915 3373 1044 3457 ἡδονὴν
1078 3381 1147 3436 τῶν

196 3523 216 3572 2
234 3515 278 3574 ότι
297 3514 383 3591 ίνγγά
401 3536 450 3591 μοι
468 3515 518 3573 καὶ
537 3515 622 3589 ψιλὴν
641 3517 667 3570 Η
686 3546 720 3556 -
