2430 3856
118 164 182 228 146
548 168 706 221 SOHOLIA

119 351 195 412 μου.
232 327 367 414 ἐρήμοις
389 329 452 414 γάρ
478 327 618 414 [τόποις]
646 323 744 406 οὗτος
768 329 785 394 ὁ
809 332 890 409 θεὸς
913 330 1141 418 ἐνδιατρίβειν

89 455 103 497 ε
118 434 240 501 είῶθει.

190 599 207 647 4
225 590 323 657 τόποις
341 611 395 648 om.
414 593 526 648 Dd.VH
545 625 578 634 -
598 598 614 648 5
634 594 738 649 είοθεν
757 593 783 648 V

185 774 251 840 453
262 796 330 860 sqq.
368 772 516 840 ἐνταῦθα
543 771 662 860 πέμπει
685 775 819 841 τοάσθεε
849 774 1011 860 ἐνταῦθα,
1040 780 1136 861 φησί,

117 882 200 963 πρὸς
229 881 291 964 την
321 880 499 966 εἰρημένην
528 891 635 966 νῆσον
664 883 726 966 την
759 883 983 966 Ψυττάλειαν,
1016 882 1137 969 πέμπει

116 988 256 1064 τούτους
276 986 293 1052 ὁ
308 986 442 1072 Ξέρξης,
466 989 564 1070 ὅπως,
589 988 669 1054 ὅταν
687 989 723 1054 οί
738 987 856 1074 ἐχθροὶ
874 999 942 1054 τῶν
957 993 1136 1078 Περσικῶν

116 1104 204 1158 νεῶν
242 1093 429 1182 φθαρέντες
465 1104 571 1179 νῆσον
609 1095 806 1174 έκσοοζοίατο
844 1094 919 1162 ἀντὶ
954 1106 1016 1162 τοῦ
1053 1099 1135 1183 μετὰ

90 1206 252 1287 οφθορᾶς
274 1199 330 1267 καὶ
353 1202 479 1286 βλάβης
502 1201 676 1268 έκσωθῶσι
704 1200 760 1268 καὶ
784 1202 944 1280 ἐξέλθωσι
966 1205 1050 1290 πρὸς
1072 1207 1134 1288 την

118 1315 235 1393 νῆσον,
267 1312 429 1375 κτείνοιεν
457 1306 512 1374 καὶ
534 1311 736 1394 φονεύσειαν
767 1309 894 1396 ῥαδίως
924 1310 1136 1394 κρατηθέντα

116 1418 176 1481 τὸν
208 1418 349 1502 στρατὸν
378 1426 447 1480 τῶν
469 1410 650 1498 Ἑλλήνων,
681 1418 760 1493 τοὺς
789 1420 910 1500 φίλους
940 1413 977 1482 δὲ
1000 1417 1135 1504 Πέρσας

116 1524 338 1602 ὑπεκσωζοιεν
361 1523 426 1588 ὑπὸ
449 1533 517 1587 τῶν
540 1525 737 1587 θαλασσίων
759 1526 887 1609 πόρων·
916 1535 1024 1601 κακῶς
1048 1526 1135 1590 ίστο·

117 1641 186 1712 ρῶν
207 1629 306 1716 <καὶ>
325 1628 523 1716 προβλέπων
541 1628 597 1695 καὶ
614 1641 705 1695 νοῶν
723 1629 778 1695 καλ
797 1641 931 1696 σκοπῶν
949 1631 987 1696 τὸ
1001 1629 1134 1715 μέλλον.

76 1756 103 1796 10
117 1738 237 1815 άλλως·
261 1738 330 1803 έκεῑ
350 1739 413 1823 γάρ
438 1740 561 1823 έπεμψε
583 1738 663 1813 τοὺς
684 1737 849 1821 ἡγεμόνας
873 1737 890 1802 ὁ
909 1735 1043 1823 Ξέρξης,
1067 1738 1134 1822 ἵνα,

117 1843 176 1912 έάν
199 1845 381 1930 φεύγοντες
404 1845 440 1910 οί
455 1842 632 1928 Ἀθηναῖοι
655 1846 801 1909 ἔλθωσιν
826 1844 941 1928 ἐκεῖσε,
970 1844 1134 1911 άποκταν·

115 1958 204 2017 θῶσι
235 1948 314 2038 παρ’
350 1952 470 2017 αὐτῶν.
526 1949 650 2034 συνέβη
686 1948 723 2016 δέ
759 1951 969 2020 τούναντίον.
1025 1953 1063 2017 τὸ
1098 1949 1135 2018 δὲ

117 2059 260 2143 ἱστορῶν
284 2061 466 2144 σημείωσαι
489 2055 564 2122 ἀντὶ
586 2067 648 2122 τοῦ
671 2057 879 2142 προβλέπων.

187 2221 203 2269 2
223 2215 293 2286 πρὸς
310 2214 362 2284 τὴν
381 2212 553 2285 εἱμαρμένην
570 2213 622 2284 τὴν
637 2211 788 2285 εἰρημένην
803 2217 876 2271 V-
891 2218 1034 2286 φνταλίαν
1047 2217 1133 2288 vulgo

117 2287 172 2342 VH
191 2285 254 2357 (τὴν
273 2303 327 2341 om.
342 2285 380 2355 H)
400 2317 433 2326 -
452 2292 470 2340 4
488 2293 566 2342 ναῶν
580 2287 606 2340 H
622 2317 653 2326 -
673 2287 744 2355 πρὸς
760 2286 813 2357 τὴν
832 2295 919 2358 νῆσον
937 2286 1082 2357 vulgoDd.
1099 2319 1133 2330 -—

116 2388 296 2461 έκσοοζοίατο,
323 2395 339 2459 ζ
359 2408 429 2448 corr.
448 2410 464 2448 ε
482 2392 551 2463 0‚V
575 2423 608 2433 -
639 2360 766 2464 ῶεάιιρᾶς
793 2395 831 2463 V,
859 2402 1022 2464 μεταφορᾶς
1045 2395 1071 2448 Η
1099 2427 1131 2436 -

116 2472 132 2520 6
151 2467 301 2536 φθείροιεν
320 2464 370 2520 καλ
392 2466 530 2521 κτείνοιεν
554 2463 603 2519 καὶ
622 2466 775 2536 φονεύσαιε
799 2467 860 2537 (sic)
877 2466 917 2528 Η,
945 2468 1065 2522 κτείνοιε
1084 2465 1134 2521 καὶ

115 2538 247 2606 φθείροιε
267 2536 315 2590 κοιλ
334 2536 484 2607 φονεάσοιε
504 2537 529 2589 V
548 2567 581 2576 -
602 2543 617 2591 7
636 2537 686 2592 τὸν
705 2555 759 2593 om.
778 2535 836 2590 VH
855 2568 888 2578 —
908 2541 925 2591 8
944 2537 1132 2604 άπεκσώζοιεν

115 2608 171 2662 άπὸ
193 2607 224 2676 V,
249 2603 396 2673 έκσῶζοιεν
418 2615 474 2662 τῶν
494 2606 520 2659 Η
539 2639 572 2647 -
594 2614 627 2662 10
635 2625 694 2677 sqq.
718 2609 805 2664 verba
826 2608 893 2663 indo
916 2607 953 2663 ab
972 2608 1059 2672 ἄλλος
1078 2625 1132 2664 om.

114 2680 170 2733 VH
190 2711 222 2719 -
245 2685 277 2735 12
297 2674 408 2751 ἐγένετο
425 2695 477 2749 pro
496 2677 600 2752 συνέβη
619 2678 704 2750 vulgo

182 2842 245 2908 457
259 2865 327 2927 sqq.
364 2842 409 2919 ῶς
438 2844 501 2928 γάρ
529 2843 622 2920 θεὸςε
650 2840 720 2908 ἐπεὶ
749 2842 830 2926 γάρ,
861 2844 976 2926 φησίν,
1006 2842 1024 2908 ὁ
1051 2845 1133 2920 θεὸς

114 2950 216 3014 ἔδωκε
246 2960 316 3026 τοῖς
335 2947 473 3034 Ἕλλησι
504 2952 606 3027 κῦδος
637 2946 693 3014 καὶ
720 2948 820 3027 δόξαν
848 2958 906 3032 τῆς
933 2950 1037 3034 μάχης
1064 2960 1132 3014 τῶν

114 3067 200 3122 νεῶν
232 3057 305 3139 ἤτοι
334 3056 370 3122 έν
397 3067 437 3144 τη
465 3059 631 3143 ναυμαχία
660 3055 825 3140 ἐτίμησεν,
859 3056 1054 3146 αὐθημερὸν
1076 3054 1132 3120 καὶ

114 3163 151 3229 έν
175 3163 257 3248 αὐτῇ
281 3162 389 3249 ἐκείνη
412 3172 451 3249 τῇ
474 3163 580 3250 ἡμέρᾳ
603 3161 818 3248 έξέθρωσκον·
835 3159 890 3228 καὶ
914 3163 1046 3246 έπηόων
1067 3163 1132 3229 άπὸ

87 3281 181 3336 ττῶν
213 3281 301 3336 νεῶν
329 3271 514 3356 φράξαντες
543 3272 580 3336 τὸ
609 3281 703 3355 σῶμα
732 3268 858 3336 ἑαυτῶν
886 3270 1002 3348 ὅπλοις
1023 3276 1132 3349 καλῶς

187 3417 199 3463 1
221 3409 324 3474 ὁθεός
343 3428 430 3481 φησιν
448 3409 474 3464 V
494 3441 526 3451 -
546 3417 562 3465 2
581 3411 647 3474 τοὺς
668 3408 784 3480 έλληνας
802 3408 828 3464 V
849 3441 879 3450 —
899 3416 949 3478 τῆς
966 3380 1058 3480 μάχης
1074 3417 1131 3466 τῶν

114 3481 240 3607 0111.ἕὲ
259 3482 345 3609 νφλςο
361 3513 393 3523 -
414 3489 431 3536 4
449 3497 500 3552 pro
520 3482 589 3538 άπὸε
611 3478 642 3538 έκ
658 3482 680 3534 V
700 3513 734 3523 -
755 3484 863 3537 θθεῶν
881 3481 908 3534 H
922 3480 1085 3550 -φράξαν
1104 3482 1130 3536 Η

99 3573 253 3608 -ατν
316 3586 353 3596 -
