2430 3856
418 183 629 236 ADNOTATIO
650 184 803 238 camon.
1061 186 1125 237 LXI

177 340 316 396 Similiter
325 357 379 396 vox
390 342 559 413 explicanda
573 345 638 398 ante
653 342 870 412 explicationem
880 343 1123 412 praetermittitur.

178 416 235 469 sch.
256 419 290 468 26
327 414 418 469 δεινολ
436 412 467 468 δὲ
486 413 536 469 καλ
555 411 710 481 ἐπιτήδειοι
728 413 778 468 καλ
796 413 885 480 δεξιοὶ
902 414 963 482 Dd.¹

325 480 480 553 ἐπιτήδειοι
498 484 530 540 δὲ
549 486 599 540 κοιλ
617 485 707 551 δεξιοὶ
726 485 812 554 vulgo
832 485 865 540 V.

177 557 235 612 soh.
255 561 291 610 44
328 557 423 611 δίοποι
435 556 485 610 καλ
498 556 644 620 διέποντες
658 556 707 611 καλ
721 555 936 626 οἰκονομοῦντες
950 557 1053 620 αὐτούς
1062 556 1125 624 Dd,

326 626 472 690 διέποντες
490 629 540 682 καλ
558 627 773 698 οἰκονομοῦντες
791 629 894 691 αύτούς
912 628 946 696 V,
979 625 1126 692 διέποντες

106 700 212 763 αὐτούς
229 699 264 768 H,
330 697 544 770 οἰκονομοῦντες
562 700 665 763 αύτούς
683 699 777 768 vulgo.

179 771 237 824 sch.
261 775 311 824 128
331 770 411 833 λακὶς
429 770 479 824 καί
498 769 576 840 ᾇῆξις
594 772 629 838 V,
665 770 745 834 λακὶς
762 769 812 824 καὶ
830 787 884 825 om.
900 771 975 840 vulg.
990 768 1084 826 Ddfl.

179 842 237 898 sch.
258 848 309 897 150
329 841 359 896 τὸ
379 850 466 896 νικῶν
484 841 547 910 ἤτοι
564 843 596 896 τὸ
615 849 736 911 νικῆσαν
755 841 805 895 καὶ
822 841 945 911 ῆττῆσαν
964 842 999 910 H,

325 913 357 967 τὸ
376 921 463 967 νικῶν
481 912 544 980 ἤτοι
561 914 593 968 τὸ
612 921 733 982 νικῆσαν
751 912 786 979 V,

325 984 356 1038 τὸ
376 992 496 1054 νικῆσαν
515 984 565 1039 καὶ
583 984 706 1054 ῆττῆσαν
725 984 812 1053 vulgo
830 983 884 1038 Dd.

179 1055 237 1110 sch.
257 1061 311 1110 210
336 1057 366 1109 in
391 1055 485 1110 verbis
513 1057 612 1126 κίρκον
644 1055 706 1123 ἥτοι
737 1052 838 1125 ἱέρακα
867 1053 1049 1124 σφαδάζοντα
1077 1054 1127 1109 καὶ

110 1125 196 1193 ὀξέως
214 1127 296 1182 κινού
318 1145 384 1182 ενον
403 1126 433 1181 ἐν
452 1134 511 1189 τοῖς
528 1133 640 1196 πτεροῖς
659 1126 707 1181 καί
727 1130 825 1198 χηλαῖς
842 1124 905 1193 ἤτοι
925 1125 955 1181 ἐν
974 1133 1033 1189 τοῖς
1047 1127 1126 1192 ὄνυξι

107 1200 139 1254 τὸ
159 1197 235 1266 κούρα
258 1147 378 1266 καίτῆν
396 1198 536 1268 κεφαλὴνι
560 1201 658 1269 κίρκον
682 1197 744 1266 ι’]’τοι
768 1215 821 1252 om.
836 1197 901 1266 VH,
943 1201 1041 1268 χηλαῖς
1064 1197 1127 1266 ἥτοι

107 1288 161 1325 orn.
178 1269 242 1336 VH,
272 1270 303 1324 τὸ
323 1269 398 1339 κούρα
417 1269 466 1324 καὶ
485 1287 541 1326 om.
555 1270 588 1326 V.

179 1340 347 1394 Plenissime
371 1343 436 1394 sunt
463 1341 535 1396 haec
562 1341 670 1396 scholia
697 1340 958 1411 interpolationum.
996 1339 1072 1406 Quae
1096 1339 1126 1393 in

109 1411 191 1468 codd.
212 1411 291 1478 OPQ
310 1414 452 1482 leguntur,
472 1430 490 1467 a
509 1412 665 1482 Byzantino
684 1413 871 1487 grammatico
887 1412 999 1467 saeculo
1014 1413 1066 1467 XII
1080 1428 1126 1466 ex-

109 1485 193 1538 eunte
218 1485 268 1537 aut
290 1484 357 1538 XIII
380 1485 495 1539 ineunte
519 1483 640 1554 scriptas
664 1500 713 1538 eas
737 1501 798 1538 esse
823 1483 1006 1539 Seelmannus
1030 1483 1128 1538 docuit

108 1555 155 1624 (cf.
174 1554 242 1608 diss.
261 1556 280 1611 l.
300 1574 326 1621 p.
347 1559 402 1623 20).
434 1556 518 1610 Mitto
537 1557 598 1610 cod.
615 1555 648 1621 Q,
662 1555 737 1610 unde
753 1555 912 1610 Dindorfius
927 1555 964 1609 ad
978 1554 1127 1610 Persarum

109 1625 218 1680 scholia
240 1625 348 1680 nnllam
376 1626 528 1682 lectionem
557 1627 706 1681 adnotavit
728 1630 841 1696 praeter
864 1627 922 1681 sch.
941 1633 984 1681 48.
1021 1625 1127 1680 Tamen

108 1697 190 1751 codd.
214 1696 237 1750 P
260 1699 290 1751 et
313 1697 335 1764 Q
360 1697 396 1751 ab
424 1698 523 1753 eodem
551 1699 624 1752 libro
652 1699 793 1768 profectos
822 1714 883 1752 esse
912 1697 1058 1752 credamus
1081 1697 1127 1764 (cf.

108 1767 218 1894 1ξοοΙιιιὲ
234 1786 261 1837 p.
284 1771 337 1837 13).
375 1769 429 1823 Sed
443 1768 504 1824 cod.
520 1769 543 1824 Ο
557 1768 656 1823 multis
676 1772 754 1824 caret
771 1767 1038 1838 interpolationibus
1058 1784 1127 1835 quas

150 1855 204 1893 con
218 1837 286 1895 inet.

96 1979 99 1982 ι
181 1911 276 1978 Atqde
296 1928 311 1965 e
330 1911 477 1965 Persarum
497 1910 612 1979 quidem
631 1910 746 1965 scholiis
772 1941 804 1950 -
832 1910 856 1964 si
875 1909 984 1964 minora
1002 1913 1127 1979 praeter-

109 1981 236 2035 imus-
257 1983 327 2036 haec
350 1982 412 2037 sola
434 1982 464 2036 in
487 1993 607 2051 utroque
627 1981 809 2036 inveniuntur
826 1981 1011 2050 interpolata:
1040 1981 1126 2036 schol.

110 2060 161 2108 719
182 2053 228 2119 (de
247 2052 332 2108 Darei
351 2053 467 2121 liberis),
488 2053 574 2109 schol.
594 2060 646 2108 556
666 2053 727 2120 (ubi
742 2069 776 2107 ex
794 2053 852 2108 sch.
867 2062 957 2107 antec.
972 2052 1064 2107 altera
1083 2070 1127 2106 ex·

109 2123 228 2194 plicatio
248 2124 378 2194 repetita,
398 2126 488 2179 altera
507 2125 543 2180 ab
561 2124 764 2195 interpolatore
779 2123 880 2178 addita
894 2126 958 2193 est),
977 2123 1064 2180 schol.
1075 2129 1126 2179 722

109 2195 348 2250 additamentum:
364 2196 579 2268 συνεοτρατῆγει
588 2195 642 2266 γὰρ
653 2201 690 2270 τῷ
701 2195 793 2267 Ξέρξη
804 2195 819 2250 δ
829 2193 1003 2266 Μαρδόνιος,
1013 2194 1128 2250 initium

110 2267 170 2322 sch.
189 2272 256 2322 500:
279 2266 384 2338 dyracio
407 2286 478 2337 φασι
500 2270 566 2331 τοὺς
588 2269 732 2338 ποταμούς
751 2269 788 2329 ὡς
806 2267 890 2330 ὄντας
907 2274 957 2335 τῆς
976 2265 1127 2322 ἀθανάτου

110 2338 221 2407 φύσεως
239 2339 357 2408 μίμημα.
395 2337 469 2409 λέγει
488 2337 520 2394 δὲ
540 2338 588 2393 καὶ
602 2339 652 2394 τὸν
666 2337 795 2408 παρόντα
808 2336 960 2407 Στρυμόνα
975 2337 1064 2407 ἁγνὸν
1079 2338 1128 2393 διδι

109 2410 142 2464 τὸ
165 2411 298 2478 καθαρὸν
321 2410 371 2465 καὶ
395 2407 499 2473 διειδές
522 2409 673 2480 φυλάττειν
696 2409 727 2463 τὸ
746 2407 822 2479 ύδσορ
842 2409 938 2463 αύτοῦ.
975 2409 1029 2464 Pro
1048 2410 1128 2464 hiso

110 2481 191 2536 codd.
206 2480 264 2534 VH
284 2485 313 2535 et
331 2483 438 2550 antiqu.
455 2482 518 2535 edd.
534 2481 648 2551 scripsi:
668 2480 757 2550 ἁγνοῦ
775 2478 950 2550 Στρυμόνοςι
970 2480 1059 2550 ἁγνοῦ
1079 2481 1128 2535 διὰ

110 2553 141 2606 τὸ
160 2553 293 2622 καθαρὸν
312 2551 362 2607 καὶ
380 2550 484 2616 διειδὲς
502 2550 655 2622 φυλάττειν
673 2552 705 2606 τὸ
723 2550 799 2621 ύδωρ
819 2552 914 2607 αὐτοῦ.

181 2623 259 2677 Haec
278 2624 367 2693 igitur
385 2624 530 2678 codicibus
549 2622 572 2677 Ο
592 2625 621 2679 et
638 2624 661 2677 P
680 2622 846 2678 communia.
884 2623 990 2676 Contra
1009 2624 1030 2675 P
1050 2622 1127 2678 solus

110 2695 237 2748 abundat
268 2695 544 2765 interpolatIonibus.
597 2695 672 2762 Quas
710 2695 734 2748 si
769 2692 938 2765 perlegeris,
976 2710 1128 2763 cognosces

110 2765 291 2835 grammatici
309 2769 342 2820 ut
355 2765 505 2837 Byzantini
523 2766 565 2820 ita
578 2783 651 2821 vano
670 2765 783 2837 ingenio
803 2763 966 2820 excellentis
981 2766 1129 2820 consilium

111 2836 260 2891 doctrinae
289 2839 483 2893 ostentandae.
522 2837 630 2893 Partim
659 2854 722 2892 eam
750 2854 765 2891 o
788 2835 887 2892 lexicis
912 2837 1050 2893 exhausIt.
1088 2837 1129 2894 of.

111 2908 168 2962 seh.
184 2915 236 2963 236
261 2909 307 2976 (de
326 2909 438 2964 Eretria
460 2910 569 2979 capta),
593 2910 651 2964 sch.
668 2915 719 2964 770
738 2908 784 2979 (de
803 2907 875 2978 Oyro
895 2913 925 2962 et
943 2910 1057 2980 Dareo),
1081 2911 1128 2963 fin.

111 2980 168 3035 sch.
189 2986 241 3034 940
259 2982 325 3051 (quo
344 2981 459 3053 additur
478 2979 548 3036 εἰσὶν
568 2978 598 3035 ολ
613 2979 816 3049 Μαριανδυνοὶ
841 2977 927 3043 ἔθνος
945 2983 1128 3052 Παφλαγονι-

110 3048 183 3121 κύν),
202 3052 249 3105 fin.
265 3053 322 3107 sch.
338 3060 372 3108 38
392 3058 459 3122 (quo
480 3054 574 3125 Θῆβαι
587 3050 770 3106 ‘monteluser
789 3056 1062 3121 commemorantur),
1081 3054 1129 3109 fin.

111 3123 169 3178 soh.
185 3128 236 3176 317
256 3122 282 3192 (δ
301 3122 453 3188 Μάταλλος
465 3121 554 3193 ’Ἄραψ
573 3117 609 3193 ῆν
627 3123 677 3177 καὶ
695 3123 745 3177 διὰ
762 3131 845 3178 τοῦτο
864 3121 913 3177 καὶ
927 3122 978 3193 τὴν
993 3122 1130 3193 μέλαιναν

111 3194 200 3248 ἵππον
225 3191 290 3263 εἶχε.
327 3204 450 3250 τοιοῦτοι
472 3194 526 3265 ηδιρ
552 3192 582 3249 ολ
599 3192 739 3268 Ἀραβικολ
761 3196 862 3264 ἵπποι),
904 3193 1129 3263 Etymologicam

112 3264 283 3335 sapientiam
301 3267 420 3336 praebet
441 3271 499 3321 sch.
515 3271 567 3321 928
587 3266 621 3320 de
640 3283 710 3321 voce
729 3265 836 3336 φύστις.
867 3267 908 3319 Ι)ο
923 3264 1130 3335 significatione

110 3337 189 3392 vocis
208 3333 296 3407 ῥύπος
316 3339 360 3391 est
376 3339 434 3393 soh.
449 3343 510 3392 207.
538 3337 600 3392 Duo
621 3337 737 3404 scholia,
757 3337 860 3405 quibus
878 3351 969 3390 novae
984 3335 1131 3406 explicati-

112 3423 180 3462 ones
200 3407 316 3477 dantur,
342 3410 438 3479 spuria
456 3409 651 3479 cognoscimus
675 3407 781 3463 additis
800 3407 893 3462 verbis
913 3405 931 3476 ῆ
950 3404 982 3462 δὲ
1002 3407 1132 3474 σύνταξις

111 3478 229 3549 τοιαύτη
256 3480 332 3551 (vide
358 3480 517 3536 Seelmann.
531 3497 558 3549 p.
576 3485 633 3549 13),
663 3495 700 3535 sc.
720 3479 777 3535 sch.
800 3485 861 3534 527.
885 3483 945 3535 tat.
987 3478 1059 3534 Aliis
1086 3495 1130 3533 re·

112 3550 249 3607 tractavit
266 3551 455 3622 interpolator
473 3551 582 3607 scholia
596 3551 727 3621 genuina,
742 3550 778 3606 cf.
793 3549 851 3605 sch.
869 3556 913 3618 13,
931 3550 984 3606 alt,
997 3551 1061 3605 sels.
1071 3557 1141 3603 tub.

1005 3792 1028 3820 Ι
