2430 3856
113 187 139 236 x
516 186 729 238 Parasino.
765 150 768 154 ’
822 178 824 183 ’

110 341 183 410 aria
211 349 345 410 exarata
372 345 444 410 sint.
490 345 563 411 Hoc
586 368 686 411 unum
714 348 843 411 constat
870 345 958 412 haud
985 345 1033 410 ita
1060 368 1129 410 ma·

111 474 214 534 gnum
235 452 393 536 temporis
418 452 561 536 spatium
584 453 751 539 interesse,
774 475 848 519 eum
872 454 1031 538 scriptura
1050 453 1128 518 alte-

113 561 180 625 rius
206 581 320 624 manus
349 559 486 625 eundem
513 560 592 624 fere·
608 560 739 625 ductum
767 561 951 625 litterarum
974 561 1130 646 praebeat

110 671 210 751 atque
232 667 359 752 prioris.

23 842 25 846 Α
180 773 331 841 (lodicem
345 772 496 858 Byzantii
516 774 733 856 conscriptum
752 795 822 838 esse
837 774 906 838 ‘veri
926 775 1127 839 simillimum

112 882 249 966 videtur,
272 883 333 947 hac
356 879 485 964 quidem
504 880 543 945 de
567 901 675 945 eausa:
700 878 779 946 (lod.
798 879 894 968 Vind.
913 881 978 946 279
1003 881 1128 946 charta-

109 1011 201 1071 ceus,
229 991 348 1053 saeculi
371 988 461 1072 XIV,
488 991 543 1074 qui
567 989 753 1054 Promethei
781 993 814 1053 et
841 987 971 1073 Septem
1000 989 1128 1053 fabulas

108 1094 254 1178 exhibet,
284 1100 375 1162 textu
404 1100 437 1161 et
460 1095 593 1161 scholiis
617 1117 718 1181 marg.
742 1099 775 1159 et
804 1095 902 1180 gloss.
926 1096 1031 1160 interl.
1054 1118 1127 1160 oum

110 1200 209 1268 Vind.
230 1203 290 1267 197
324 1203 400 1268 fere.
424 1202 464 1267 ad
487 1204 622 1268 verbum
655 1203 831 1284 consentit,
862 1203 909 1266 ita
936 1207 1060 1281 tamen,
1091 1208 1129 1266 nt

109 1309 195 1374 alter
218 1309 259 1373 ab
283 1309 388 1375 altero
412 1332 477 1375 non
501 1310 607 1394 possit
629 1308 810 1394 descriptus
835 1331 914 1393 esse,
937 1331 1010 1373 eum
1030 1309 1127 1374 modo

110 1415 164 1481 hic
187 1415 236 1480 illi
264 1420 423 1503 praestet,
449 1416 546 1482 modo
575 1416 632 1481 ille
659 1416 744 1481 huic.
790 1415 894 1481 Immo
922 1419 1058 1499 uterque
1087 1417 1128 1480 ab

109 1523 225 1587 eodem
249 1523 333 1588 libro
357 1525 515 1607 originem
539 1522 677 1588 traxisse
702 1522 807 1587 debet.
843 1520 938 1587 Nunc
961 1528 1070 1587 autem
1093 1525 1128 1588 in

109 1630 219 1696 fronte
243 1629 339 1696 Vind.
358 1632 423 1696 279
448 1654 468 1695 a
491 1653 590 1696 manu
612 1628 692 1696 XVI
721 1629 843 1695 saeculi
870 1629 931 1694 hoe
960 1613 1127 1695 exaratum

108 1741 175 1802 est:
203 1735 377 1823 ‘Augerius
406 1738 445 1803 de
468 1737 638 1803 Busbeclre
667 1737 870 1820 comparauit
898 1734 1128 1803 Constantino·

110 1842 199 1929 poli'.
244 1843 447 1911 Busbeckius
476 1849 599 1929 autem,
628 1844 684 1929 qui
711 1845 802 1909 iussu
830 1842 1025 1909 Fordinandi
1048 1843 1065 1908 I
1093 1845 1127 1909 in

109 1952 185 2015 aula
204 1950 390 2036 Byzantina
413 1974 545 2017 munere
568 1952 742 2037 legationis
765 1950 897 2016 functus
917 1955 977 2035 est,
1000 1953 1126 2017 codices

108 2057 238 2122 circiter
262 2058 517 2143 quadringentos
543 2058 781 2143 quinquaginta
804 2057 1021 2123 bibliothecae
1046 2057 1125 2122 Vin-

111 2163 293 2230 dobonensi
317 2163 459 2230 donavit.
504 2164 618 2248 Itaque
643 2186 715 2229 cum
745 2186 873 2228 summa
896 2164 1127 2248 probabilitate

109 2272 253 2335 statuere
268 2270 345 2337 licet
360 2272 498 2336 codicem
514 2271 609 2336 Vind.
626 2272 688 2336 197
706 2271 804 2336 simul
824 2293 896 2337 oum
911 2272 1015 2337 altero
1029 2269 1128 2337 Vind.

109 2374 394 2463 Constantinopoli
409 2378 638 2444 Vindobonam
657 2379 792 2443 missum
811 2399 890 2444 esse.
926 2376 1024 2443 Putet
1042 2378 1128 2463 quis·

110 2483 199 2566 piam
228 2488 336 2550 textu·
365 2489 398 2550 et
426 2486 550 2551 scholia
572 2484 760 2550 Promethei
789 2490 822 2550 et
846 2483 977 2569 Septem
1001 2484 1125 2550 fabula·

110 2613 181 2655 rum
210 2613 249 2655 ex
277 2590 341 2657 alio
365 2593 449 2658 libro
479 2594 513 2657 in
540 2597 713 2677 utrumque
741 2590 838 2658 Vind.
862 2594 1059 2677 manavisse,
1089 2616 1128 2657 ex

108 2697 175 2763 alio
195 2697 312 2763 Persas
336 2700 369 2762 in
394 2700 531 2765 alterum
552 2699 649 2766 Vind.
673 2699 786 2765 solum.
829 2698 891 2763 Sed
916 2699 1000 2783 quod
1025 2700 1127 2764 codex

110 2803 406 2890 Heidelbergensis,
429 2806 485 2889 qui
507 2805 593 2870 infra
616 2804 825 2886 tractabitur,
849 2826 921 2868 cum
945 2804 1125 2870 vind.197

109 2911 190 2976 item
219 2912 383 2976 consentit
405 2911 528 2996 Persis,
556 2916 594 2978 ut
622 2933 694 2976 cum
722 2916 860 2993 utroque
883 2908 1070 2975 Promethei
1095 2915 1127 2974 et

108 3016 241 3104 Septem
265 3017 386 3083 fabulis
410 3040 585 3102 earumque
607 3017 750 3101 scholiis,
773 3017 840 3081 veri
860 3015 967 3081 simile
987 3020 1037 3082 est
1057 3017 1126 3081 fon-

109 3130 187 3208 tem,
207 3125 290 3190 unde
305 3125 411 3190 Prom.
427 3128 460 3190 et
474 3124 562 3209 Sept.
575 3125 610 3190 in
624 3123 934 3210 Heidelbergensem
954 3128 987 3188 et
1005 3127 1127 3188 utrum·

108 3255 173 3317 que
206 3231 348 3298 Vindob.
385 3233 597 3318 transierunt,
634 3231 734 3298 etiam
766 3231 883 3296 Persas
920 3232 1125 3315 complexum

108 3361 189 3405 csse.

177 3444 228 3511 H:
261 3447 360 3512 codex
387 3446 556 3513 Palatinus
580 3447 637 3526 18,
665 3447 743 3513 olim
767 3445 1027 3531 Vitebergensis,
1055 3448 1127 3510 tum

109 3551 280 3641 Halensis,
311 3559 382 3620 tum
411 3553 677 3642 Heidelbergam,
710 3553 793 3620 undo
816 3550 1029 3638 Vitebergam
1057 3574 1129 3637 per-
