2430 3856
498 167 709 219 PRAEFATIO.
1026 168 1115 219 XLIX

154 328 258 394 Plane
291 333 400 394 autem
435 328 550 394 sterile
584 329 748 414 glossema
779 329 902 413 legitur
934 328 976 395 ad
1006 328 1115 395 Prom.

87 458 116 500 v.
135 435 201 501 844
229 434 378 519 torto]
413 437 497 519 ἥπερ
530 433 632 502 θέλω.
678 434 771 512 Quod
800 438 910 519 potest
937 435 1114 519 paraphra-

91 563 164 606 seos
198 543 445 626 antiquissimae
481 542 659 607 frustulum
692 541 805 607 videri
860 541 1016 607 Eiusdem
1047 543 1114 607 fero

89 648 188 734 pretii
210 653 297 733 sunt,
321 649 457 733 quaein
477 649 543 715 sch.
558 647 636 733 Byz.
656 651 688 713 et
706 649 761 733 gll.
780 669 860 714 recu.
880 651 1001 728 extant,
1024 648 1114 726 ὅστις

88 777 146 839 pro
167 755 203 832 ὅς
223 753 277 842 (cf.
297 757 397 820 etiam
422 755 488 819 seh.
508 754 542 818 M
560 753 672 820 Prom.
690 755 766 820 242.
788 753 877 839 Sept.
897 754 986 840 583),
1011 755 1113 841 ὅσπερ

87 884 147 946 pro
172 862 262 938 ὅστις
285 859 366 947 (soh.
391 862 421 926 A
441 861 517 940 218,
545 861 586 927 cf.
609 861 766 946 Hesych.=
796 862 880 946 ἅπερ
904 860 994 927 ἐστὶν
1018 862 1115 927 ἅτινά

89 965 205 1053 ἐστιν).
255 967 339 1032 Item
373 969 440 1035 sch.
465 968 501 1033 M
524 966 604 1034 Oh'o.
629 969 695 1034 306
729 968 770 1033 ad
802 969 893 1054 τῇδε]
926 971 1034 1058 τούτῳ
1067 977 1113 1058 uqi

89 1077 200 1164 τρόπῳ
226 1074 403 1158 respondet
426 1074 552 1140 scholio
577 1073 703 1158 A524,
730 1075 787 1139 ubi
816 1077 895 1160 τῇδε
920 1099 980 1162 per
1008 1077 1115 1154 οὕτως

92 1183 247 1247 redditur.
284 1179 398 1267 Neque
418 1182 640 1268 g1.290.474.
660 1182 727 1247 sch.
745 1181 865 1268 A620,
889 1183 1006 1267 quibus
1025 1184 1114 1269 πάρα

91 1311 149 1373 per
166 1289 328 1375 πάρεστιν
347 1289 526 1374 expeditur,
551 1289 615 1354 alia
636 1293 711 1354 sunt
730 1293 828 1374 atquo
849 1289 914 1356 sch.
928 1289 1023 1356 Eum.
1039 1292 1115 1376 396,

88 1396 144 1460 ubi
167 1397 300 1461 ἔπεστιν
324 1397 365 1460 ad
389 1398 442 1461 ἔπι
465 1397 671 1481 adscriptum
696 1400 755 1462 est.

158 1502 322 1579 Quoniam
349 1502 645 1568 demonstravimus
669 1507 702 1567 et
728 1502 853 1568 scholia
876 1503 911 1567 M
935 1508 967 1568 et
990 1506 1111 1588 glosse-

93 1613 183 1674 mata
214 1611 432 1676 recentiorum
465 1610 611 1675 codicum
644 1613 677 1674 et
703 1609 887 1693 Byzantina
920 1610 1043 1676 scholia
1071 1613 1112 1676 ab

93 1716 207 1781 eodem
251 1716 430 1801 archetypo
472 1715 633 1800 originem
675 1716 837 1799 accepisse
875 1720 908 1780 et
944 1717 1112 1782 docuimus

92 1845 191 1908 quam
215 1823 320 1888 multa
338 1824 373 1888 in
392 1822 426 1887 M
449 1845 515 1888 uon
534 1823 657 1888 tradita
674 1823 749 1887 inde
773 1823 957 1887 manavisse
976 1825 1113 1909 possint,

91 1933 274 1995 extremum
303 1936 367 2016 est,
395 1935 433 1995 ut
455 1931 704 2015 comprobemus
733 1930 947 2016 archetypum
977 1932 1112 1996 eundem

93 2036 213 2102 librum
228 2037 339 2124 fuisse,
357 2037 442 2103 unde
460 2042 586 2102 textum
605 2037 791 2103 fabularum
807 2039 842 2102 in
862 2038 988 2103 codices
1004 2061 1112 2105 recen-

90 2144 192 2209 tiores
224 2144 355 2210 fluxisse
386 2143 531 2229 capital
560 2141 751 2230 diximus.*)
797 2143 883 2209 Nam
914 2167 1112 2230 quamquam

91 2250 154 2316 hoc
185 2273 244 2336 per
275 2273 309 2316 se
339 2252 408 2316 veri
441 2250 645 2316 simillimum
681 2255 744 2335 est,
776 2272 842 2315 non
875 2251 992 2316 desunt
1025 2256 1114 2316 certa

91 2359 251 2443 quaedam
267 2361 468 2445 argumenta,
488 2357 605 2442 quibus
620 2358 701 2422 haec
716 2359 878 2422 sententia
892 2358 1113 2424 confirmetur.

92 2463 179 2530 Nam
201 2464 339 2530 Medicei
363 2466 532 2549 librarius,
562 2487 760 2549 quamquam
784 2463 908 2529 scholia
931 2464 998 2529 fere
1021 2465 1113 2530 nulla

91 2573 239 2637 exaravit
267 2609 310 2620 -
342 2593 380 2636 ea
404 2571 489 2636 enim
513 2573 645 2655 scripsit
676 2575 838 2637 corrector
869 2568 931 2657 (m)
965 2605 1021 2656 —,
1049 2570 1112 2637 duo

91 2683 202 2744 tamen
226 2679 425 2766 glossemata
447 2679 517 2763 ipse
541 2678 661 2762 pinxit:
692 2675 746 2743 ἐπὶ
768 2679 918 2763 Δαρείου
943 2700 970 2742 v.
990 2677 1056 2743 478
1081 2681 1113 2742 et

91 2786 197 2869 τάφος
230 2809 258 2851 v.
287 2785 362 2852 650.
418 2783 562 2861 Quorum
594 2784 676 2849 illud
708 2785 807 2850 etiam
840 2785 874 2849 in
907 2783 952 2868 V,
983 2785 1046 2850 hoc
1078 2785 1113 2849 in

92 2890 224 2956 VBGL
248 2893 377 2958 obviam
407 2897 466 2959 est.
511 2893 572 2957 Ille
597 2896 706 2957 autem
729 2892 882 2956 librarius
906 2891 940 2956 M
964 2896 1051 2958 certe
1075 2914 1112 2958 ea

91 3020 158 3064 non
186 2999 381 3084 scripsisset,
408 3000 473 3064 nisi
496 3000 531 3064 in
561 2999 651 3064 fonte
681 3021 780 3084 supra
808 3021 938 3065 versum
965 2999 1112 3065 fuissent.

91 3104 184 3171 Idem
207 3128 249 3171 ne
271 3128 366 3171 versu
395 3105 525 3193 quidem
550 3105 616 3171 754
645 3104 777 3192 ἁρπαγὴ
800 3106 835 3170 in
864 3105 1009 3192 ἁρπαγῆι
1033 3107 1112 3170 stul·

91 3213 220 3279 tissime
244 3216 414 3297 mutasset,
437 3213 501 3278 nisi
519 3212 582 3278 hoc
600 3212 634 3278 in
660 3213 786 3280 scholio
810 3214 945 3299 legisset
968 3211 1111 3297 (ἁρπαγὴ

92 3321 184 3387 codd.
207 3319 312 3406 racc).

159 3461 185 3528 *)
203 3459 298 3514 Nullis
322 3460 413 3515 causis
437 3458 532 3515 allatis
550 3459 727 3515 Wecklinius
746 3476 773 3529 p.
789 3457 853 3512 XIV
877 3457 946 3513 edit.
965 3457 1113 3515 contendit

91 3548 202 3604 scholia
220 3551 249 3604 et
267 3551 377 3605 textum
397 3565 430 3604 ox
449 3549 549 3605 eodem
567 3548 640 3604 libro
658 3550 788 3620 profecta
805 3564 881 3603 esse.

144 3648 232 3691 Soron.
246 3658 273 3690 rr
286 3647 374 3692 Asson
389 3649 458 3692 Pras.
472 3648 508 3695 ed
522 3649 722 3694 Dthnhardt‘
959 3633 984 3684 Q
