2430 3856
123 152 190 216 242
557 155 714 207 SOHOLIA

124 315 255 400 Λέσβος
287 314 432 400 ἐλέγετο,
465 315 500 382 ἐκ
532 325 592 382 τοῦ
625 313 746 402 μέρους
781 321 929 401 λαχοῦσα
957 317 994 382 τὸ
1025 318 1145 402 όυομα,

125 424 235 509 ὥσπερ
259 419 314 488 καλ
336 432 401 489 νῦν
420 425 599 507 Μιτυλήνη
622 420 752 506 λέγεται
774 421 795 505 ἡ
819 423 902 506 αὐτὴ
926 422 990 489 άπὸ
1014 426 1145 501 πόλεως

125 529 305 616 ὁμωνύμου
329 538 405 616 μιᾶς
429 529 565 596 ἐκείνων
588 540 656 596 τῶν
678 527 721 594 ε’·
745 538 790 618 τῷ
811 525 848 594 δὲ
870 529 960 618 αὐτῷ
979 532 1067 618 λόγῳ
1087 528 1144 595 καλ

123 641 317 724 Λυκόφρων
337 637 379 724 (v.
394 633 474 725 220)
494 637 599 722 αὐτὴν
613 635 730 702 Ἴσσαν
749 637 894 703 ἐκάλεσε·
919 639 978 722 μία
1001 637 1066 721 γάρ
1086 635 1143 702 καὶ

82 768 109 809 15
123 744 143 828 ἡ
157 743 254 810 Ἴσσα
276 755 334 830 τῆς
357 744 458 828 αὐτῆς
481 746 719 820 πενταπόλεως.
766 743 817 825 0.]

123 943 156 992 13
175 954 226 1007 pro
245 935 330 1010 λόγωι
350 904 382 995 λλ
400 955 464 992 cum
483 937 651 1008 oompendio
672 936 704 1006 Ο,
723 954 792 994 corr.
806 937 859 992 Dd.

190 1136 253 1202 889
291 1134 347 1202 καλ
368 1136 389 1220 ἡ
408 1135 552 1222 Ἀνδρος
575 1146 676 1220 νῆσος
698 1136 719 1220 ἡ
744 1136 960 1202 συνάπτουσα
982 1144 1022 1221 τῇ
1045 1138 1140 1222 νησῳ

126 1245 223 1331 Τήνῳ
246 1244 354 1327 ἤγουν
372 1243 392 1328 ἡ
412 1242 606 1328 συνημμένη
626 1243 709 1328 αὐτῇ
728 1240 784 1308 καί
803 1242 1000 1328 ἀγχιγείτων
1018 1243 1141 1326 ταύτης

121 1351 342 1435 τυγχάνουσα.
388 1351 596 1438 vulgoDdV.

193 1490 224 1544 In
243 1491 268 1545 V
286 1491 341 1546 hoc
360 1491 448 1547 schol.
466 1493 533 1561 post
550 1490 709 1561 proximum
729 1490 828 1561 (schol.
847 1509 874 1545 v.
889 1490 953 1560 891)
970 1488 1084 1560 legitur.
1106 1521 1138 1530 -

123 1567 138 1614 1
158 1561 297 1631 άντροςλί
316 1594 348 1604 -
368 1562 444 1636 νήσω
464 1580 518 1618 om.
533 1562 559 1617 V
577 1594 612 1604 —
631 1568 647 1616 2
665 1578 717 1632 pro
736 1561 825 1632 ἤγουν
843 1562 875 1631 ἡι
893 1561 943 1617 καλ
956 1559 1101 1630 vulgoDd.

189 1761 252 1828 891
265 1785 312 1848 sq.
353 1760 410 1827 καλ
431 1763 490 1839 τάς
513 1761 692 1846 ἀγχιάλους
715 1762 913 1846 μεσάκτουςε
936 1762 1011 1844 ἤτοι
1033 1783 1138 1844 παρα-

119 1870 327 1945 θαλασσίους
354 1870 412 1946 τάς
439 1871 514 1954 άγχι
542 1867 598 1934 καλ
624 1871 767 1952 πλησίον
795 1876 853 1951 τῆς
875 1868 1048 1951 θαλάσσης
1070 1891 1136 1933 κει-

120 1973 221 2059 μίνας
242 1973 298 2040 καὶ
320 1976 403 2062 πρὸς
425 1978 484 2042 τὸυ
508 1977 669 2059 αίγιαλόν.
714 1973 920 2059 vulgoDdV.

192 2120 206 2167 1
235 2113 284 2168 καλ
307 2114 357 2178 τὰς
380 2115 530 2186 ἀγχιάλους
553 2113 736 2187 μεσάκτους]
759 2112 810 2176 τὰς
832 2113 897 2184 άγχι
919 2121 969 2183 τῆς
989 2113 1137 2183 θαλάσσης

120 2189 176 2240 κτλ.
195 2183 351 2254 vulgoDd.,
369 2186 418 2241 καί
436 2186 487 2250 τὰς
505 2187 566 2257 άγχ.
586 2136 640 2241 καλ
653 2185 704 2249 τάς
721 2184 888 2257 μεσάκτους·
907 2183 970 2253 ἤτοι
989 2190 1045 2240 κτλ.
1060 2185 1086 2240 V
1101 2217 1135 2226 -

120 2262 136 2310 2
155 2255 301 2326 θαλάσσης
319 2256 379 2312 sine
399 2261 449 2313 art.
467 2259 493 2312 V

186 2831 249 2896 897
286 2836 475 2914 Σαλαμίναι
497 2831 559 2913 τὴν
577 2829 614 2896 ἐν
633 2831 760 2917 Κάπρῳ
779 2832 895 2913 φησίν,
918 2824 957 2913 ἧς
975 2829 995 2913 ἡ
1015 2832 1134 2915 μητρό-

117 2943 213 3015 πολις
238 2937 272 3024 (ἡ
296 2937 333 3003 ἐν
356 2947 395 3024 τῇ
414 2935 553 3023 Ἀττικῇ,
579 2937 707 3022 δηλαδὴ
730 2945 832 3021 νῆσος
851 2937 1019 3021 Σαλαμίν)
1044 2938 1132 3002 αίτία

117 3043 187 3111 ἐστὶ
209 3046 315 3110 τῶνδε
338 3056 406 3110 τῶν
425 3045 666 3129 στεναγμάτων.
704 3045 836 3108 άποικοι
855 3043 918 3129 γάρ
938 3045 1024 3109 είσιν
1043 3044 1079 3108 οἱ
1094 3042 1132 3108 ἐν

116 3155 245 3240 Κάπρῳ
270 3155 471 3238 Σαλαμίνιοι
493 3163 560 3217 τῶν
584 3151 621 3217 ἐν
644 3159 683 3236 τῇ
703 3148 840 3236 Ἀττικῇ.
887 3149 969 3237 φασὶ
992 3151 1055 3237 γάρ
1080 3151 1131 3215 ὅτι

88 3268 177 3325 στοῦ
195 3265 341 3335 Αἴαντος
364 3258 554 3343 αὐτόχειρος
576 3259 755 3342 γεγονότος
779 3256 796 3322 ὁ
820 3260 965 3342 Τεῦκρος
988 3258 1006 3324 ὁ
1026 3257 1134 3323 αὐτοῦ

189 3406 203 3454 1
223 3402 373 3470 Σαλαμῖνα
393 3397 487 3453 om.V
507 3429 539 3437 -
560 3396 708 3468 λσαλαμλς
727 3404 811 3466 νῆσος
830 3396 856 3451 V
876 3429 909 3438 —
934 3396 1042 3468 δηλαδὴ
1061 3396 1131 3467 ἡμῖν

116 3469 194 3526 αἰτία
203 3470 288 3541 vulgo
309 3502 341 3510 -
361 3476 378 3524 4
396 3476 446 3538 τῆς
464 3485 515 3537 pro
534 3477 589 3524 τῶν
604 3469 630 3522 V
645 3500 677 3510 -
697 3475 731 3539 τῇ
751 3485 804 3523 om.
819 3467 938 3539 vulgoV
956 3502 990 3510 -
1010 3473 1026 3522 ὁ
1045 3467 1130 3524 αὐτό-

93 3561 199 3613 χειρος
216 3540 379 3616 σφαγέντος
397 3536 430 3600 ἕν
452 3542 541 3620 Τροίᾳ
561 3539 576 3598 ὁ
597 3543 721 3613 Τεῦκρος
737 3539 843 3611 HM)
860 3573 893 3581 —
