2430 3856
104 182 170 246 224
535 183 692 235 SCHOLIA

171 347 236 413 803
260 347 307 422 είς
320 346 360 409 τὰ
374 353 438 409 νῦν
453 343 679 430 πεπραγμέναι
700 341 757 427 ἀφ’
776 338 824 410 ὧν
837 353 939 409 ταῦτα
955 343 1117 428 ἐτελέσθη,

88 451 240 524 ,κάκεῖνα
264 454 497 536 συμβήσεσθαι
520 453 724 536 στοχάζομαι.
748 452 845 536 vulgo
855 450 961 516 Dd.V.
1094 443 1097 450 ’

177 616 193 664 2
213 609 288 665 κακὰ
307 610 426 664 κάκεῖνα
446 611 470 662 V
490 640 524 649 -
543 610 683 680 συμβῆναι
702 607 785 662 VDd.
802 608 871 662 exP

173 792 239 857 804
263 791 304 856 οὐ
327 791 390 876 γάρ
414 791 453 854 τολ
477 785 537 873 μὲν
560 799 630 865 τοῖς
653 788 847 875 ἀνθρώποις
870 791 1061 873 συμβαίνει,
1084 789 1121 853 τά

107 894 138 961 θ’
164 898 216 980 οὔ,
241 897 323 962 άλλολ
341 898 459 980 πάντα,
483 896 545 960 ὅσα
564 906 634 972 τοῖς
652 901 783 981 βροτοῖς
801 901 925 960 παθεῖν
944 893 1120 979 πέπρωται,

107 1004 338 1088 ἐπισυμβαίνει
361 1003 482 1080 αὐτοῖς.
520 1004 639 1080 άλλως·
665 1005 697 1067 εί
712 1004 778 1087 γάρ
799 1003 840 1067 τά
858 999 919 1087 μὲν
938 1007 1121 1087 συμβαίνει,

108 1106 165 1197 ἀφ’
197 1105 245 1176 ὧν
277 1119 379 1175 ταῦτα
412 1109 584 1193 ἐτελέσθη,
618 1108 753 1175 κάκεῑνα
786 1111 999 1194 συμβήσεται.
1051 1109 1122 1196 οὐχὶ

82 1218 182 1282 ετινά
205 1213 267 1301 μὲν
291 1219 467 1303 συμβαίνει
491 1215 527 1282 ἐκ
553 1217 741 1300 θελήματος
767 1227 835 1281 τῶν
858 1223 961 1299 θεῶν,
990 1219 1065 1283 τινὰ
1088 1213 1123 1282 δὲ

109 1325 164 1389 οὔ·
193 1319 264 1388 ἀλλ’
292 1314 354 1387 ὅσοι
377 1323 443 1389 ὑπὸ
472 1332 539 1388 τῶν
561 1328 655 1387 θεῶν
679 1323 892 1388 διιθάνονται
914 1325 1122 1409 βουλεύματα

108 1441 176 1496 τῖον
199 1429 401 1514 ἀνθρώπων,
429 1433 644 1512 τελειοῦνται,
669 1428 731 1493 ὅσα
755 1424 792 1493 δὲ
816 1430 873 1512 οὔ,
897 1429 939 1494 οὐ
961 1435 1123 1496 τελειοῦν-

108 1561 170 1602 ται.
212 1543 311 1600 τοῦτο
336 1530 372 1599 θλ
396 1529 466 1606 εἷπε
490 1534 546 1599 ιλιολ
568 1536 648 1611 τοὺς
670 1537 839 1620 χρησμοὺς
857 1537 936 1611 τοὺς
953 1537 1124 1621 κειμένους

111 1645 154 1728 μή
179 1643 339 1708 ἀπελθεῖν
361 1643 410 1718 είς
428 1639 568 1707 Ἑλλάδα
591 1639 694 1728 (Pers.
713 1665 742 1708 v.
758 1639 846 1729 741).
870 1643 967 1729 vulgo
980 1645 1082 1710 Dd.V.

182 1791 198 1836 2
217 1788 276 1846 τοῖς
294 1799 348 1838 om.
367 1781 512 1851 vulgoDd.
528 1814 561 1822 -
580 1786 688 1838 παθεῖν
708 1799 761 1837 om.
777 1781 802 1835 V
818 1814 850 1822 -
871 1791 885 1836 3
906 1778 1123 1856 ἒπισυμβαίνου-

111 1873 155 1910 σιν
174 1854 199 1908 V
219 1885 253 1893 -
272 1854 359 1908 verba
381 1853 447 1908 inde
471 1855 515 1909 ab·
526 1852 613 1918 άλλως
631 1871 685 1909 om.
702 1853 726 1906 V
745 1885 778 1893 -
799 1851 826 1908 εί
847 1853 900 1924 γὰρ
916 1895 940 1910 ..
956 1855 1124 1928 συμβήσεται

35 1932 38 1938 ’
111 1943 166 1982 om.
181 1925 254 1979 vict.
276 1957 308 1965 -
329 1926 362 1979 ου
386 1942 436 1994 pro
462 1923 490 1979 εί
505 1924 600 1980 Pauw.
620 1957 654 1966 -
673 1930 689 1978 5
708 1923 773 1980 τινὰ
794 1922 825 1980 δὲ
849 1924 951 1994 scripsi
969 1944 1021 1996 pro
1041 1927 1077 1981 τά
1095 1924 1124 1980 δὲ

112 2029 145 2038 -
165 2003 181 2051 6
200 1996 256 2051 ὑπὸ
279 2000 358 2051 θεῶν
382 1995 467 2065 vulgo
475 1995 526 2050 Dd.
541 2027 575 2036 -
595 2002 610 2051 7
630 2000 784 2051 τελειοῦται
808 1995 959 2064 utrobique
977 1997 1064 2067 vulgo
1074 1997 1124 2052 Dd.

113 2066 174 2137 (sed
194 2071 368 2122 τελειουνται
388 2066 430 2135 Ρ).

179 2229 244 2294 805
255 2251 301 2314 sq.
343 2226 398 2293 καὶ
436 2226 556 2312 ἐάνπερ
593 2229 670 2294 τάδε
706 2231 747 2294 τά
783 2228 980 2314 πεπραμένα
1018 2231 1126 2316 ἀληθῆ

111 2337 269 2422 τυγχάνη,
293 2338 397 2401 λείπει
420 2333 475 2400 καὶ
498 2337 535 2401 τὸ
559 2338 710 2422 ἔκκριτον
727 2342 858 2420 πλῆθος
876 2346 937 2402 τοῦ
954 2339 1127 2423 βαρβάρου

113 2453 270 2529 στρατοῦ·
294 2441 367 2508 ἀντὶ
389 2452 450 2508 τοῦ
475 2449 598 2527 οῖχεται
621 2441 676 2509 καλ
698 2446 848 2528 θνήσκει.
886 2440 955 2509 εἶτα
979 2444 1012 2524 ἐξ
1034 2445 1128 2510 οὐδε-

112 2548 212 2637 τέρου
234 2553 318 2635 πρὸς
342 2551 519 2634 ἀρσενικὸν
541 2552 600 2616 τὸν
624 2553 726 2634 λόγον
750 2554 908 2634 ἔστρεψεν
931 2552 1049 2618 εἰπών·
1073 2575 1129 2619 πε-

85 2657 287 2742 επεισμένος
311 2653 408 2752 οὗτος
428 2657 445 2722 ὁ
465 2658 605 2742 στρατὸς
623 2656 659 2723 ἐν
678 2669 789 2735 κεναῖς
807 2657 923 2724 ἐλπίσι.
960 2657 1128 2745 πέπρωται

113 2765 176 2850 γὰρ
201 2764 304 2829 αὐτὸν
324 2763 392 2829 ἐκεῖ
406 2771 536 2829 θανεῖν.
573 2763 593 2848 ή
613 2768 720 2857 λείπει
736 2761 789 2830 καὶ
809 2764 949 2849 άφίησιν
968 2764 985 2831 ὁ
1005 2763 1129 2852 Ξέρξης

114 2871 151 2935 έν
175 2874 362 2958 Ψυτταλείᾳ
384 2867 428 2957 τὸζ
445 2879 505 2935 τοῦ
523 2871 672 2957 ’στρατοῦ
695 2873 845 2957 ἔκκριτον
869 2877 999 2955 πλῆθος
1017 2893 1127 2938 πεπει-

115 2977 235 3065 σμένος
259 2982 411 3064 ματαίαις
435 2977 552 3044 έλπίσι.
577 2979 673 3063 vulgo
684 2978 788 3044 Dd.V.

189 3126 202 3172 l
223 3117 407 3188 πεπραγμένα
421 3117 507 3187 vulgo
521 3148 558 3158 —
572 3125 586 3171 2
607 3116 764 3188 τυγχάνωσι
777 3117 840 3186 Dd.‚
854 3117 1029 3189 τυγχάνωσιν
1044 3120 1128 3190 vulgo

116 3222 149 3230 -
170 3191 343 3263 βαρβαρικοῦ
362 3190 386 3243 V
407 3221 439 3230 -
459 3196 476 3243 4
496 3186 614 3258 ἔπειγεν
632 3189 786 3260 vulgoDd.‚
806 3187 921 3261 ἔστρεψε
941 3190 965 3242 V
986 3221 1018 3232 -
1040 3197 1055 3246 ’λ
1074 3202 1130 3261 ψυ-

114 3264 197 3338 ταλίρι
216 3260 333 3331 vulgoV
351 3293 387 3302 -
405 3267 422 3316 8
441 3258 505 3315 κατ’
526 3210 617 3317 λλπίσι
635 3261 662 3316 V

182 3425 246 3490 807
285 3425 443 3508 μίμνουσι
462 3422 510 3506 δέ,
534 3426 618 3489 ἔνθα
639 3423 656 3490 ὁ
676 3427 774 3509 φίλος
784 3420 930 3502 Ἀσωπὸς
947 3427 985 3491 τὸ
1004 3427 1130 3510 πίασμα

171 3570 187 3617 1
206 3566 350 3637 μίμνοντι
370 3564 401 3623 δ’
423 3563 514 3642 ἔνθα]
532 3565 682 3639 νυλςοῦθ.
701 3593 735 3606 -
754 3565 837 3634 κοῖλος
853 3581 909 3620 σου
918 3563 975 3620 θλ.
990 3595 1024 3605 -
