2430 3856
58 1203 121 1268 781
147 1201 271 1284 ὀγδόου
299 1202 426 1286 κλήρου
453 1201 539 1265 infra
595 1202 657 1267 781
681 1197 838 1287 (pertinet
860 1200 902 1265 ad
921 1197 1001 1286 780)
1019 1223 1074 1265 κα·

56 1309 141 1393 quod
157 1309 238 1374 *διὰ
246 1307 286 1373 V.
300 1347 337 1356 —-
354 1305 539 1392 *ἐπέτυχον
592 1317 671 1384 πῶς·
709 1307 790 1390 μετὰ
821 1307 885 1391 γὰρ
914 1306 978 1389 τὴν
1008 1317 1076 1372 τῶν

56 1413 97 1481 V.
138 1425 199 1482 τοῦ
225 1417 352 1501 κλήρου
380 1413 540 1499 ἐπέτυχον
594 1415 711 1500 μάγων
720 1417 921 1499 καθαίρεσιν
931 1418 1076 1498 Δαρεῖος

56 1523 94 1588 Β.
119 1561 161 1570 -
190 1523 322 1600 οὔτινος
344 1521 384 1588 V.
413 1559 455 1569 -·—
483 1529 541 1604 τῆς
595 1521 613 1587 ὁ
646 1519 748 1606 μέγας
778 1517 886 1607 ἦρξεν.
913 1557 954 1568 -
988 1519 1006 1585 ὁ
1041 1518 1080 1585 δέ

57 1633 228 1718 βασιλείας
250 1629 290 1695 V.
321 1666 359 1676 -
391 1629 455 1694 785
484 1629 540 1693 διὰ
595 1627 669 1696 ἀντὶ
691 1637 753 1695 τοῦ
777 1631 830 1713 δή,
853 1637 926 1694 νῦν.
949 1665 987 1674 -
1012 1628 1077 1692 784

59 1741 191 1824 μνήμης
213 1735 310 1823 φέρει
333 1735 372 1801 G.
414 1733 471 1800 καὶ
494 1736 541 1811 εἰς
595 1739 832 1822 praescriptum
850 1735 873 1818 μ
890 1739 928 1799 ut
947 1735 1072 1799 714.-

59 1849 178 1931 μνείαν
220 1848 285 1929 ἔχει
326 1844 406 1919 τοὺς
442 1842 542 1927 ἐμοὺς
661 1881 664 1886 ‹

60 1954 183 2035 λόγους
205 1948 340 2028 καὶτὰς
362 1949 441 2034 ἐμὰς
460 1965 542 2033 συμ-

59 2060 185 2144 βουλὰς
207 2057 247 2123 V.
293 2095 335 2103 —
383 2055 544 2133 *ἐντολὰς
607 2113 610 2119 .

58 2164 133 2231 VG.
161 2203 198 2214 -

62 2274 126 2340 786
150 2275 284 2348 *καλῶς
302 2270 342 2336 V.
367 2307 408 2315 -
440 2267 543 2352 *ἀλη-

59 2378 177 2457 mv.
188 2416 229 2426 —
240 2379 323 2464 πρὸς
335 2379 413 2454 τοὺς
426 2372 544 2466 πρῴην

62 2491 210 2571 βασιλεῖς
232 2484 273 2551 V.
297 2521 339 2532 —
363 2478 414 2549 *ὦ
435 2483 475 2548 V.
500 2521 542 2530 —-
755 2562 757 2566 ρ

63 2596 126 2660 787
164 2595 271 2677 ἤμουν
309 2592 344 2656 ολ
381 2590 446 2674 πρὸ
483 2600 544 2656 τοῦ
600 2593 663 2658 787
692 2591 728 2656 ολ
752 2591 816 2675 πρὸ
844 2597 905 2654 τοῦ
927 2589 1080 2673 βασιλεύ-

65 2701 205 2786 [Ξέρξου
217 2700 288 2764 add.
299 2697 381 2779 cod]
393 2697 544 2781 βασιλεύ·
599 2716 716 2775 σαντες
737 2695 839 2782 ἡμεῖς.
861 2733 898 2742 -

61 2804 545 2888 σαυπες7.-ἐλολβομευ7.-

64 2917 129 2982 788
154 2936 250 2999 super
274 2920 434 2997 φανῶμεν
453 2907 544 2999 (sic)]

59 3018 251 3105 ἐπράξαμεν
270 3043 290 3084 a
309 3016 518 3104 correctore(
540 3066 546 3081 .

64 3151 95 3212 p.
119 3124 182 3214 IX)
205 3126 328 3192 lineola
353 3125 546 3190 transfixum

14 3312 19 3321 Ι
64 3232 106 3300 V.
139 3271 181 3281 —
200 3306 203 3314 ,
219 3233 400 3319 πράξαντες
426 3230 467 3297 V.
503 3269 547 3277 «-

62 3339 233 3406 *ποσαῦια
255 3339 296 3406 V.
319 3376 362 3386 —
394 3339 455 3404 ὅσα
482 3345 548 3404 νῦν
603 3339 667 3406 788
691 3339 753 3404 ὅσα
775 3346 848 3404 νῦν.
868 3374 910 3382 -

58 3446 205 3532 ἔπραξεν
222 3445 251 3512 ’ὁ
284 3444 408 3531 Ξέρξης
434 3445 472 3510 G.
504 3483 548 3494 -

60 3555 85 3618 Ι7
88 3555 130 3620 89
142 3552 273 3638 *<π>οῦ
281 3552 320 3620 V.
336 3590 379 3602 —-
391 3552 458 3620 790
472 3555 553 3641 πλή-
