2430 3856
477 183 516 234 IN
534 183 566 235 V.
586 185 737 237 557-570.

97 346 242 429 Περσῶν
255 340 475 427 καλουμέναις
486 342 579 408 BGI.

97 446 175 537 (cet.
208 471 291 534 quae
324 449 520 538 scholiastae
551 449 579 514 B

97 556 272 621 tribuenda
304 560 394 640 sunt,
426 557 498 621 vide
529 579 579 642 ap.

96 659 183 750 Dd.).
205 701 242 709 —
265 662 329 729 557
354 667 445 740 τίνος
468 661 581 728 ἕνεκεν

96 768 138 835 V.
164 807 207 817 —
241 773 507 854 τοιουτοτρόποις
538 769 580 836 V.

98 913 141 922 -
162 878 226 942 559
250 875 387 962 τοξότης
404 876 445 943 V.
467 912 506 925 -
527 875 581 942 ἐπὶ

96 983 138 1049 V.
181 1021 227 1031 —
277 984 343 1050 560
383 985 577 1067 Σουσίδος]
633 983 700 1050 560
723 985 887 1069 βασιλεύς.
911 1022 955 1032 -

96 1091 225 1168 πόλεως
269 1089 309 1156 V.
354 1128 399 1138 -
446 1091 579 1175 ἡγεμὼν

97 1197 238 1262 VBGL.
266 1236 303 1245 -

97 1554 163 1619 562
201 1549 298 1618 αὗται
330 1551 408 1618 VH.
443 1591 481 1600 -
519 1551 583 1619 *αἱ

98 1659 261 1744 σύνιομοι
283 1659 323 1726 V.
346 1699 391 1708 -
418 1661 578 1741 κυανώιι]

97 1767 136 1831 αῖ
155 1775 232 1850 νῆες
254 1766 293 1831 V.
321 1805 359 1814 -
389 1768 454 1834 563
479 1769 579 1853 *ἔφε-

97 1898 159 1960 ρον
183 1873 223 1939 V.
247 1912 289 1921 -
314 1874 383 1939 ἐκεῖ
402 1874 477 1940 VG.
503 1912 540 1921 —

87 1981 164 2047 Ι565
196 1981 366 2064 ἐμβολαῖς]
395 1983 451 2048 διὰ
484 2004 580 2068 super

97 2089 183 2174 quod
194 2089 353 2172 κρούσεσι
360 2088 399 2154 V.
416 2089 581 2174 συγκρού-

98 2211 194 2260 σισιν
218 2196 253 2260 L.
277 2233 321 2244 -

99 2943 164 3008 566
180 2952 247 3008 τῶν
255 2941 295 3008 V.
313 2953 381 3008 τῶν
391 2936 581 3026 Ἀθηναίων
636 2941 701 3007 566
724 2938 876 3027 περισσοὶ
892 2942 928 3006 οἱ
939 2942 1002 3006 δύο
1015 2939 1055 3006 δέ
1061 2939 1118 3006 καὶ

96 3049 230 3114 VBGL
255 3046 337 3136 (τῶν
361 3072 423 3114 om.
442 3045 527 3136 BL).
539 3085 578 3094 -
635 3049 672 3114 τὸ
688 3048 741 3126 ὡς.
764 3049 802 3114 τὸ
817 3045 847 3112 δ’
864 3046 950 3132 ἑξῆς·
969 3051 1066 3133 μόγις
1080 3044 1118 3112 δὲ

97 3157 163 3222 567
184 3159 279 3241 μόλις
292 3155 433 3221 VBGL.
455 3193 493 3202 -
515 3155 588 3220 569
635 3154 1118 3240 διαφυγεῐνάκούομενιὰςχεῐ·

98 3260 181 3346 *τῆς
194 3261 234 3328 V.
253 3300 290 3308 -
313 3261 460 3347 ὁμαλοὺς
476 3261 516 3327 V.
539 3300 579 3310 -
635 3287 695 3348 ρας
702 3259 841 3328 Ἰαόνων
855 3263 915 3327 τὸν
930 3263 1064 3327 ἄνακτα.
1076 3299 1114 3309 -

96 3368 162 3435 ἀνὰ
171 3369 340 3455 πεδιήρεις
349 3369 381 3435 V
391 3367 441 3457 (in
453 3373 580 3435 textum
635 3370 700 3435 568
712 3366 827 3458 (immo
838 3369 918 3455 567)
934 3368 1055 3453 ὃὴμεῖς
1067 3367 1118 3434 λέ-

95 3474 281 3560 insertum).
311 3514 353 3523 —
384 3477 451 3543 570
479 3475 581 3555 ὁδοὺς
634 3499 740 3564 γομεν
759 3472 836 3560 παρ’
866 3475 1005 3556 mm
1022 3503 1068 3516 -

93 3581 194 3647 BGL.
219 3619 263 3629 -
