2430 3856
86 180 178 229 XXVI
486 180 696 233 PRAEFATIO.

88 362 186 424 super
218 339 302 424 οἵτε,
335 340 374 405 of.
404 340 431 404 A
462 340 518 421 16,
550 340 591 423 gl.
619 340 664 404 44
697 338 853 416 οὕστινας
885 363 983 424 super
1015 345 1105 426 τοὺς,

88 449 132 531 gl.
149 447 214 513 850
232 448 302 530 ἥτις
322 470 417 531 super
436 447 474 531 ἣ,
494 447 642 511 aliorum.
680 445 830 512 Ceterum
850 470 926 512 vera
945 450 1106 534 scriptura

87 555 161 620 οἵδε
185 577 258 619 oum
282 556 481 641 glossemate
505 549 599 619 οὗτοι
620 554 654 618 in
672 575 738 618 uno
758 554 827 619 eod.
847 553 876 618 G
899 557 1022 622 tradita
1046 564 1105 642 est,

87 663 194 727 solum
215 662 286 726 οἵδε
314 661 348 725 in
373 661 480 725 Par.A
500 666 532 725 et
550 661 586 726 F.

158 822 240 886 Tum
262 839 296 889 v.
321 820 390 886 865
420 844 517 904 supra
545 816 583 887 εὖ
612 786 817 906 πράσσοντέὲ
841 820 902 909 (sio
931 819 1104 910 scriplum)

86 931 133 1016 gl.
157 927 232 994 άντλ
258 937 320 994 τοῦ
348 935 557 1013 πορθοῦντες
584 929 617 992 in
645 928 677 992 V
705 930 833 1012 legitur.
884 928 977 994 Unde
1008 931 1105 995 focile

86 1036 236 1101 elioueris
271 1035 456 1120 πέρσαντος
490 1057 559 1100 esse
586 1035 753 1119 Aeschyli.
805 1035 897 1112 Quod
931 1041 1039 1102 autem
1071 1040 1104 1102 in

89 1143 123 1208 M
151 1143 334 1208 invenimus
365 1142 526 1207 scholion:
560 1141 600 1206 οὐ
628 1141 747 1226 τεμένη
776 1148 867 1208 θεῶν
895 1150 1105 1226 πορθοῦντες

85 1250 130 1314 οὐ
152 1249 280 1334 τάφους
303 1249 516 1326 ἀνασπῶντες
537 1249 581 1325 ὡς
604 1247 728 1335 Ξέρξης
749 1252 916 1334 τολμήσας
939 1249 1105 1337 ἐποίησεν,

85 1380 161 1421 oum
186 1356 324 1423 Medioei
347 1361 437 1448 textu
462 1358 510 1420 ita
534 1357 729 1442 coniungere
756 1380 929 1442 possumus
955 1363 990 1422 ut
1015 1360 1102 1423 lacu·

86 1486 165 1528 nam
189 1486 270 1548 quae
294 1464 325 1527 h.
344 1465 365 1527 l.
389 1467 513 1528 statuta
537 1467 587 1528 esl-
609 1464 655 1528 sio
678 1465 745 1528 fere
770 1466 969 1549 expleamus:

249 1588 334 1672 διγνδι
358 1584 419 1673 μὲν
443 1588 484 1652 οὐ
507 1587 693 1675 πέρσαντας
716 1583 799 1672 ἆγον
823 1595 944 1666 οἴκους.

87 1714 177 1780 Haeo
197 1714 377 1798 respioiunl
396 1736 443 1799 ea,
467 1736 549 1798 quae
569 1713 693 1778 Dareus
717 1713 844 1778 dixerat
863 1713 905 1800 (v.
926 1716 989 1780 811
1003 1714 1102 1802 sqq.):

200 1843 235 1904 οἳ
254 1848 318 1923 γῆν
341 1842 500 1924 μολόντες
518 1836 649 1905 Ἑλλάδ’
674 1839 714 1904 οὐ
737 1846 829 1904 θεῶν
851 1836 951 1924 βρέτη

198 1944 343 2030 ᾐδοῦντο
368 1951 474 2010 συλᾶν
498 1944 577 2011 οὐδὲ
600 1946 784 2029 πιμπράναι
807 1947 903 2022 νεώς·

127 2075 129 2079 ·
199 2050 307 2135 βωμοὶ
332 2047 362 2115 δ’
384 2053 493 2116 άιστοι
516 2054 686 2135 δαιμόνων
709 2050 745 2116 θ’
769 2053 933 2138 ἱδρύματα

198 2161 358 2244 πρόρριζα
382 2160 518 2245 φύρδην
542 2158 797 2245 ἐξανέστραπται
820 2161 970 2245 βάθρων.
1057 2159 1067 2178 “

87 2285 196 2369 Atque
224 2287 259 2348 in
286 2285 382 2349 huius
411 2285 476 2350 looi
500 2288 689 2350 oontexlum
715 2286 899 2350 coniectura
923 2308 960 2349 eo
985 2287 1101 2352 melius

84 2392 234 2477 quadret,
258 2393 342 2477 quod
366 2393 477 2476 paullo
501 2391 588 2457 infra
611 2392 762 2458 simililer
786 2393 917 2456 dieitur:

390 2518 491 2594 ὅσσας
515 2511 545 2581 δ’
567 2509 633 2582 εἷλε
656 2521 768 2593 πόλεις

389 2628 495 2709 πόρον
520 2624 565 2689 οὐ
589 2626 728 2708 διαβάς
751 2629 818 2689 κτλ,

153 2749 332 2866 ν.94981η.
352 2773 424 2814 oum
442 2749 588 2813 Porsono
608 2755 641 2813 et
656 2747 840 2814 Wecklinio
861 2751 905 2814 sio
925 2751 1100 2835 legendum

84 2862 150 2923 0³st
299 2884 381 2965 γόον
405 2876 447 2946 αὖ
470 2880 589 2964 γέννας
611 2889 820 2966 πενθητῆρος

299 2987 429 3072 κλάγξω
454 2983 484 3052 δ’
507 2987 691 3074 άρέδακρυν
716 2991 820 3073 ἰαχάν.

85 3127 201 3210 ltaque
224 3125 351 3199 πόλεως
374 3123 459 3206 quod
484 3145 595 3188 omnes
616 3124 692 3188 libri
712 3128 787 3188 ante
805 3122 926 3207 γέννας
945 3125 1100 3189 exhibent

83 3235 250 3320 glossema
280 3234 329 3294 esi
355 3230 390 3293 in
418 3233 543 3294 textum
573 3232 816 3314 transpositum.
862 3232 900 3296 In
929 3231 960 3295 H
989 3237 1099 3297 autem

86 3362 182 3424 super
201 3338 322 3422 γέννας
337 3341 504 3401 exaratum
520 3341 582 3401 est:
605 3335 732 3421 καὶτῆς
747 3338 947 3423 ἀνατροφῆς,
970 3340 1098 3424 δηλαδὴ

84 3455 143 3530 τῆς
165 3448 293 3522 πόλεως
312 3443 366 3529 (of.
386 3445 451 3509 soh.
472 3441 525 3532 Α).
567 3443 639 3508 Ηοο
658 3445 816 3526 igiturex
835 3449 969 3531 antiquo
990 3447 1100 3512 codice

83 3558 249 3619 servatum
278 3556 341 3638 est,
370 3552 425 3637 qui
453 3554 578 3628 πόλεως
601 3551 744 3616 nondum
767 3553 802 3616 in
825 3557 917 3618 textu
940 3553 1101 3637 praebuit.
