2430 3856
108 183 153 248 90
538 189 695 243 SOHOLIA

109 349 291 432 δαιμόνων,
332 350 372 414 τά
413 347 533 415 νεωστὶ
571 352 626 416 διά
663 353 762 418 κότον
799 353 891 430 τινὸς
926 364 994 419 τῶν
1031 361 1127 422 θεῶν

40 504 43 510 .
108 458 280 539 γενόμενα.

108 597 209 664 2post
227 594 371 666 δαιμόνων
394 576 528 651 exhibent
546 597 615 653 VH:
649 597 717 653 ἀνια
740 598 789 653 καλ
811 598 923 668 λνπηρά
948 599 998 654 καλ
1020 600 1127 656 ἀνίατα

107 666 204 721 νεωστὶ
229 672 285 724 κτλ.
315 699 348 709 -
376 667 467 724 κότων
490 669 515 723 V
539 701 573 711 ·-
600 677 656 724 τῶν
678 672 757 725 θεῶν
780 690 855 734 τινος
877 670 1070 728 Pauw.Dd.H
1092 704 1124 713 -

107 736 143 792 τά
161 739 260 793 νεωστὶ
279 781 285 794 .
307 782 312 794 .
332 738 470 811 γενόμενα
489 757 542 795 om.
554 739 628 796 Vict.
648 773 682 781 —
702 749 717 796 3
737 740 872 812 γινόμενα
890 742 1070 798 Pauw.Dd.V

176 886 239 949 261
273 886 446 950 διαίνεσθε
461 883 602 971 Πέρσαις
621 886 695 969 ἤτοι
715 888 874 969 δακρύετε
892 884 947 951 καλ
961 885 1126 972 βρέχεσδε

108 990 146 1056 έν
170 992 345 1077 δάκρυσιν,
370 987 395 1056 ὦ
420 991 564 1078 Πέρσαι,
589 995 747 1070 κλύοντες
768 991 823 1058 καὶ
847 993 1027 1072 ἀκούοντες
1049 992 1123 1061 τόδ’

107 1099 202 1183 ἀχος,
236 1098 254 1164 ὃ
287 1093 392 1181 εἷπον,
426 1096 500 1164 ἀντὶ
526 1109 587 1165 τοῦ
614 1101 738 1183 ταύτην
770 1100 832 1184 τὴν
859 1101 976 1183 λύπην.
1023 1103 1124 1186 vulgo

107 1201 310 1294 0(Dd.)vH.

181 1365 318 1418 llemma
336 1362 405 1416 VH:
426 1365 573 1419 διαίνεσθε
593 1359 614 1418 ὦ
634 1362 743 1434 Πέρσαι
772 1397 805 1404 -
833 1363 921 1434 ἤγουν
942 1365 965 1418 V
986 1396 1021 1406 -
1049 1368 1124 1422 διαί-

106 1435 205 1506 νεσθε]
226 1435 362 1503 δακρύετε
381 1435 512 1498 κλύοντες
525 1436 668 1505 vulgoDd.
688 1469 715 1476 -ω
737 1436 874 1505 δακρύετε
888 1435 938 1491 καλ
951 1437 1072 1491 om.VH
1089 1470 1123 1479 -

106 1513 122 1560 2
142 1513 200 1568 τοῖς
217 1523 268 1576 pro
289 1503 320 1562 έν
339 1506 396 1561 VH
416 1538 447 1546 ——
470 1506 602 1577 δάκροοι·
625 1509 714 1562 λείπει
732 1505 764 1562 δὲ
782 1508 814 1562 τδ
833 1504 966 1575 δάκροοι·
990 1507 1124 1573 κλύοντες

105 1577 176 1630 Η-
191 1578 322 1640 κλύοντες
335 1577 383 1632 καλ
399 1578 530 1632 om.V-
545 1576 698 1634 τόδ’..τοῦ
714 1579 803 1633 om.V
818 1610 851 1619 -
867 1587 882 1634 3
898 1577 913 1634 6
929 1576 1010 1635 εἷπον
1024 1596 1080 1636 om.
1094 1580 1121 1634 H

173 1849 238 1914 263
284 1850 321 1914 τὸ
355 1850 399 1926 ὡς
423 1847 496 1914 ἀντὶ
524 1858 584 1914 τοῦ
608 1849 659 1914 ότι
686 1847 741 1914 καὶ
777 1847 851 1914 ἀντὶ
878 1858 940 1914 τοῦ
967 1852 1052 1915 λίαν.
1079 1888 1120 1898 -

105 1953 212 2019 πάντα
242 1954 367 2037 ἐκεῖνα,
396 1955 459 2019 ὅσα
482 1957 579 2038 ἔφην,
609 1955 879 2040 διαπεπραγμένα
907 1956 984 2021 ἐστί.
1030 1957 1122 2041 κάγὼ

107 2057 136 2124 δ’
160 2058 307 2136 ἀέλπτως
329 2062 490 2144 νόστιμον
510 2059 621 2142 βλέπω
640 2061 726 2145 φάος
745 2059 820 2126 ἀντὶ
837 2071 897 2127 τοῦ
917 2061 1123 2143 ἀνελπίστως

105 2165 316 2251 ὑποστρέψας
339 2169 381 2244 ζῶ
404 2164 459 2230 καὶ
482 2165 592 2250 βλέπω
615 2169 652 2233 τὸ
677 2179 756 2251 φῶς.
803 2168 1008 2253 vulgoDd.V.

160 2313 173 2359 1
203 2308 269 2374 post
296 2306 344 2368 ὡςε
378 2303 530 2374 έκληπτέον
558 2306 607 2361 καλ
630 2308 663 2372 V,
701 2303 854 2376 έκληπτέον
879 2308 932 2362 Dd.
952 2325 986 2362 ex
1005 2307 1060 2364 ΟΡ
1087 2343 1121 2352 -

105 2377 190 2432 λκαλ
208 2376 260 2432 ὅσα
278 2376 303 2431 V
322 2409 357 2418 —
380 2374 510 2446 δηλονότι
528 2380 593 2447 post
617 2375 691 2448 έφην
709 2378 788 2432 Dd.V
809 2412 842 2420 -
868 2378 964 2434 slolV
984 2412 1018 2422 —
1042 2382 1121 2453 κάγὼ

104 2446 136 2504 δὲ
155 2449 208 2504 Dd.
229 2481 261 2489 —
282 2455 298 2504 3
317 2446 449 2520 νόστιμον
468 2445 559 2522 βλέπω
579 2448 653 2519 φάος
671 2467 724 2504 om.
741 2449 767 2503 V

171 2597 237 2662 265
273 2591 293 2678 ἦ
317 2597 548 2680 μακροβίοτοςι
573 2595 678 2672 ὅντως
697 2597 917 2679 μακροβίοτος
937 2594 993 2661 καὶ
1015 2602 1120 2663 πολυ-

103 2704 237 2786 χρόνιός
264 2725 314 2777 τις
341 2701 399 2766 ὅδε
426 2697 481 2766 καὶ
512 2695 610 2778 οὗτος
637 2701 655 2766 6
685 2703 769 2767 αἰὼν
795 2699 852 2767 καὶ
880 2702 1041 2787 ὁχρόνος
1063 2703 1121 2771 καλ

104 2809 121 2874 6
146 2811 219 2892 βίος
242 2808 349 2891 έφάνη
373 2807 454 2893 ἡμίν
474 2819 545 2885 τοῖς
563 2820 715 2892 γηραιοῖς
734 2809 790 2873 διά
808 2810 846 2874 τὸ
865 2809 1000 2875 ἀκούειν
1018 2820 1120 2878 τοῦτο

102 2918 140 2982 τὸ
173 2925 264 3000 πῆμα
296 2911 352 2979 καὶ
383 2916 421 2980 τὸ
448 2916 573 2999 βλάβος
600 2917 637 2980 τὸ
666 2914 875 2982 ἀνέλπιστον.
921 2917 1040 2994 ἀλλως·
1072 2920 1122 2996 είς

77 3031 203 3088 ετοῦτο
226 3020 420 3108 ἐμακρύνδη
445 3020 463 3086 6
487 3024 560 3106 βίος
582 3021 676 3106 ἡμῶν
701 3023 747 3098 είς
765 3022 802 3086 τὸ
822 3022 962 3088 ἀκοῦσαι
980 3033 1120 3091 τοιαῦτα

102 3130 195 3196 κακά.

177 3295 189 3340 1
211 3287 395 3359 μακροβίοτος
413 3285 460 3340 καὶ
480 3302 534 3340 om.
551 3287 575 3338 V
596 3318 629 3328 —
652 3293 668 3340 2
687 3307 729 3349 τις
748 3305 802 3342 om.
820 3287 997 3357 vulgoDd.H
1015 3319 1044 3329 -
1069 3289 1120 3344 καλ

103 3354 185 3421 ούτος
208 3374 262 3412 om.
281 3359 304 3412 V
326 3387 360 3398 -
388 3357 437 3412 καὶ
460 3355 560 3428 χρόνος
582 3358 631 3412 καλ
655 3359 714 3431 βίος
732 3358 886 3426 vulgoDd.,
913 3359 963 3413 καλ
985 3358 1000 3414 6
1024 3359 1120 3432 βίοτος

102 3429 152 3484 καὶ
170 3428 185 3484 ό
202 3426 306 3499 χρόνος
322 3428 349 3483 V
367 3460 400 3470 -
420 3437 436 3484 3
455 3435 579 3500 γεραιοῖς
596 3428 683 3498 vulgo
704 3462 736 3470 -
757 3437 773 3483 4
791 3433 860 3494 λλως
878 3447 941 3484 cum
960 3431 1042 3484 unius
1061 3430 1120 3487 litt.

83 3497 195 3550 Ιαονιια
221 3501 246 3567 V,
268 3498 320 3554 καί
338 3499 430 3566 ἀλλως
449 3500 568 3574 vulgoH
586 3533 622 3543 -
642 3509 658 3558 b
677 3501 743 3574 ἡμῖν
762 3500 791 3554 Η
813 3533 847 3542 -
872 3519 898 3556 ιο
915 3500 963 3554 vel
981 3519 1023 3556 ιστ
1040 3501 1072 3557 τὸ
1092 3502 1119 3558 V

69 3588 106 3601 -
124 3564 167 3616 τά
183 3577 310 3624 τοιαῦτα
329 3572 454 3644 vulgoH
